2787 4509
1207 157 1419 272 '27

315 379 496 468 leges
562 387 936 463 sequuntur.
1028 376 1284 461 Quibus
1343 379 1623 464 demptis
1682 379 1811 444 duo
1870 389 2120 444 tantum
2182 381 2439 466 regulae

318 491 722 570 repugnant,
779 505 944 568 quos
1002 483 1437 556 emendandos
1506 505 1644 548 esse
1702 482 2202 549 luculentissime
2262 494 2440 568 patet

319 609 400 652 ex
446 586 590 660 aliis
637 608 929 672 quoque,
990 608 1154 672 quae
1197 586 1575 652 offensionis
1622 586 2017 669 aliquantum
2065 587 2437 672 praebeant.

319 723 573 790 Horum
620 724 789 790 enim
834 724 900 788 in
948 723 1174 805 altero,
1234 748 1288 788 v,
1321 721 1533 791 2693*
1581 693 1783 808 (lere
1840 724 2223 810 gebearh)
2270 727 2438 790 lare

315 851 447 894 vox
512 849 674 893 crux
755 837 855 894 est
933 827 1337 912 interpretis3
1417 838 1481 891 et
1561 849 1752 912 quam
1846 828 2437 913 interpretationem

321 931 630 1000 Greinius
676 929 940 997 exhibet
973 929 1219 1016 (Gloss.
1254 930 1320 996 11
1369 932 1489 998 sub
1535 932 1651 996 lz‘ir
1698 930 1825 996 No.
1860 935 1926 1015 5)
1974 935 2166 1014 „mit
2211 933 2434 998 List“

322 1046 395 1102 ut
440 1036 602 1118 alio,
663 1058 792 1119 quo
838 1035 959 1101 la‘ir
1005 1036 1388 1101 vocabulum
1438 1057 1640 1120 aeque
1687 1048 2064 1121 usurpetur,
2120 1036 2265 1102 loco
2311 1060 2435 1103 non

321 1141 682 1222 confirmat,
724 1139 820 1204 ita
862 1138 1186 1224 quomodo
1232 1162 1267 1204 e
1313 1139 1645 1224 primitiva
1690 1139 1867 1205 vocis
1917 1141 1976 1204 vi
2023 1137 2259 1205 deduci
2292 1163 2441 1226 pos-

323 1244 433 1326 sit,
479 1243 778 1328 equidem
827 1265 948 1331 ego
997 1265 1402 1328 nequaquam
1448 1243 1657 1307 video.
1726 1240 1921 1324 Quod
1969 1264 2161 1328 quum
2208 1244 2301 1308 ita
2332 1246 2439 1326 sit,

324 1357 473 1414 ante
529 1347 700 1414 lare
761 1347 1002 1433 aliquid
1063 1369 1294 1413 censeo
1341 1370 1723 1434 oppressum
1773 1369 1929 1412 esse.
2025 1350 2248 1433 Atque
2294 1349 2439 1432 „be

323 1450 660 1518 heortan
728 1451 949 1518 lare“
1021 1474 1058 1516 a
1123 1452 1250 1517 loci
1299 1452 1619 1517 sententia
1664 1449 1921 1516 videtur
1978 1475 2101 1517 non
2162 1454 2438 1519 alienum

323 1577 464 1622 esse
497 1556 700 1638 (μήθ
728 1555 851 1620 mir
881 1553 1051 1620 mein
1082 1553 1233 1620 herz
1267 1555 1432 1619 riet“
1466 1555 1548 1620 cf.
1582 1555 1673 1620 be
1717 1553 1947 1619 fader
1992 1556 2159 1622 lare
2189 1561 2366 1634 etc.).
2416 1587 2427 1603 ,

485 1693 719 1778 Neque
751 1693 958 1758 minus
990 1694 1260 1758 alterum
1297 1695 1734 1762 versum2189
1749 1671 2025 1782 ¹³(h31rs
2041 1705 2068 1759 t
2083 1661 2118 1759 e
2162 1719 2251 1781 ge
2264 1672 2438 1781 rim)

329 1810 493 1906 putor
533 1807 895 1886 aegrotare.

486 1917 732 1984 Versus
788 1917 956 1983 enim
1020 1916 1193 1986 2189
1257 1929 1322 1981 et
1380 1919 1555 1986 2190
1620 1918 1683 1982 in
1742 1915 2094 2002 Greiniana
2160 1917 2440 1982 editione

327 2024 420 2090 sic
464 2022 859 2110 procedunt:
909 2109 916 2114 .

628 2161 807 2228 2189
849 2137 1103 2226 Soez'zva
1141 2159 1412 2227 ‘heofonl
1480 2164 1491 2237 l
1552 2128 1774 2248 hjrrste
1821 2139 2022 2248 gerim

632 2302 808 2372 2190
853 2278 1117 2367 rodores
1146 2330 1148 2332 ’
1177 2268 1421 2387 tungel.

328 2446 456 2508 quo
501 2424 644 2489 loco
691 2422 966 2508 hyrste
1013 2443 1138 2486 vox
1185 2422 1322 2486 sine
1370 2422 1500 2488 ullo
1548 2421 1861 2488 attributo
1893 2423 2065 2488 idem
2098 2421 2442 2510 signifieat,

331 2526 500 2612 quod
561 2525 954 2609 „rodores
1007 2525 1369 2611 tungel“;
1447 2524 1513 2589 id
1582 2526 1755 2609 quod
1824 2526 1963 2590 fieri
2032 2549 2221 2612 posse
2274 2550 2441 2613 nego

329 2641 523 2714 atque
571 2652 874 2717 pernego.
969 2626 1179 2709 Quem
1228 2638 1445 2694 autem
1492 2628 1705 2693 locum
1736 2627 2045 2695 Greinius
2091 2630 2173 2696 ad
2218 2632 2441 2697 lectio-

327 2758 472 2799 nem
543 2757 723 2799 suam
795 2731 1198 2819 probandam
1268 2734 1461 2798 affert
1505 2730 1815 2815 (Glossar
1858 2732 1959 2815 ΙΙ,
2006 2736 2169 2819 133)
2229 2757 2306 2800 ex
2364 2758 2440 2800 eo

327 2860 594 2925 prorsus
653 2836 809 2901 nihil
871 2836 1168 2902 efficitur.
1273 2836 1398 2903 Est
1450 2859 1597 2923 gen.
1656 2848 1719 2901 ν’.
1762 2838 1889 2905 956
1952 2838 2441 2925 „hyrstedne

329 2943 515 3008 hrof
551 2941 866 3027 halgum
912 2941 1350 3027 tunglum“‚
1396 2939 1506 3005 ubi
1554 2939 1987 3026 hyrstedne
2027 2942 2439 3027 participium

328 3047 487 3113 satis
533 3044 868 3110 definitum
913 3055 1014 3109 est
1059 3044 1272 3111 verbis
1317 3043 1655 3129 hfilgum
1683 3045 2070 3130 tunglum.

510 3183 822 3267 Accedit,
889 3184 1063 3269 quod
1132 3184 1296 3249 tales
1365 3205 1625 3262 versus,
1701 3182 1908 3267 qualis
1986 3193 2084 3247 est
2116 3242 2121 3249 ,
2158 3150 2444 3248 scez'ws

331 3292 658 3404 heofon,
721 3322 775 3387 si
835 3345 965 3387 non
1010 3322 1199 3409 plane
1244 3345 1282 3386 a
1328 3318 1816 3387 Caedmoniano
1863 3342 1985 3387 usu
2029 3319 2444 3387 abiudioandi

332 3436 504 3508 sunt,
559 3436 772 3492 tamen
821 3448 900 3491 ne
945 3424 1242 3510 cupidius
1289 3444 1401 3489 eos
1447 3423 1931 3508 amplectamur,
1978 3446 2207 3490 cavere
2254 3424 2445 3491 debe-

335 3549 493 3593 mus.
583 3526 691 3597 Of.
736 3531 796 3615 ξ.
830 3517 889 3598 2'
919 3552 979 3615 p.
1014 3529 1078 3597 8.

508 3668 596 3733 Et
653 3668 719 3732 in
778 3689 970 3735 versu
1025 3632 1317 3733 scehvs
1374 3633 1666 3730 heofon
1724 3688 1854 3731 non
1914 3666 2195 3732 verbalis
2251 3664 2443 3732 modo

327 3809 538 3873 forma
583 3775 878 3873 sectivo
921 3806 1036 3872 sed
1082 3808 1276 3873 etiam
1323 3805 1612 3871 heofon
1662 3828 1784 3871 vox
1835 3805 2086 3870 duobus
2132 3804 2446 3885 instructa

327 3911 568 3976 ictibus
619 3910 994 3975 offensionis
1042 3911 1284 3995 aliquid
1330 3910 1571 3977 babere
1618 3909 1905 3992 videtur,
1961 3931 2155 3993 quum
2204 3930 2447 3991 versus,

328 4016 394 4081 in
441 4013 677 4098 quibus
723 4014 910 4080 simul
959 4024 1230 4099 utraque
1275 4015 1541 4081 licentia
1585 4016 1793 4082 locum
1830 4015 2086 4093 habeat,
2132 4033 2445 4097 nusquam
