2787 4509
1323 175 1408 243 29

306 412 433 455 non
485 387 795 470 versibus,
852 386 1073 472 quales
1119 393 1270 452 sunt
1313 363 1484 451 men
1532 407 1618 449 ne
1665 351 1977 449 cunnon
2026 397 2089 450 et
2131 363 2296 470 pier
2340 409 2421 452 se

307 493 544 615 balga
591 536 714 592 etc.
761 523 1351 602 'adnumeraverim3
1432 523 1683 589 scilicet
1729 523 1791 586 in
1839 522 1941 606 iis,
1987 524 2108 590 nisi
2154 548 2423 592 anacru-

306 633 428 698 sim
487 642 588 717 pe
650 629 970 716 particula
1014 627 1347 715 'expletam
1404 625 1749 711 haberent,
1818 649 1995 692 arses
2043 651 2152 694 me
2213 640 2278 695 et
2334 630 2425 695 he

309 747 463 801 ante
508 757 586 801 se
631 745 698 798 et
752 756 842 798 ne
897 733 1114 799 theses
1159 732 1334 798 nullo
1381 741 1573 818 pacto
1620 731 1778 796 ictui
1824 731 2209 798 sufficerent.
2308 738 2426 798 At-

309 863 440 927 que
485 839 772 906 eiusdem
816 839 948 905 fere
995 837 1249 926 generis
1296 848 1396 904 est

805 1001 866 1043 v.
915 976 1078 1043 Gen.
1127 977 1301 1046 2845
1366 998 1437 1042 se
1484 943 1621 1041 rica
1667 953 1879 1062 ongan

312 1083 426 1168 qui
484 1083 540 1148 si
586 1080 882 1150 anacrusi
938 1102 1020 1147 se
1078 1080 1352 1147 articulo
1397 1081 1657 1166 expleta
1698 1090 1981 1162 careret,
2046 1102 2173 1146 non
2222 1079 2427 1145 minus

313 1186 474 1252 false
527 1187 969 1251 conformatus
1024 1183 1427 1271 procederet.
1520 1183 1607 1250 Et
1652 1184 1717 1249 in
1762 1185 1995 1252 ceteris
2040 1183 2429 1249 carminibus
2508 1243 2515 1248 .

313 1291 442 1378 legi
493 1290 654 1354 haec
699 1289 838 1355 eius
881 1290 1136 1376 generis
1181 1289 1503 1375 exemplat

811 1426 1021 1495 Guo‘l.
1083 1430 1168 1496 22
1244 1439 1337 1513 pe
1383 1399 1464 1494 he
1508 1401 1759 1514 gesette

785 1563 993 1634 enm.
1033 1566 1162 1634 483
1254 1588 1324 1634 se
1369 1541 1483 1633 lif&
1536 1541 1781 1655 gehvzis

791 1706 996 1772 Andr.
1029 1707 1158 1776 302
1237 1729 1316 1772 ne
1362 1680 1503 1773 vira
1546 1681 1857 1794 gespann.

499 1827 742 1894 Confer
798 1836 1048 1909 autem,
1129 1849 1298 1912 quae
1365 1827 1447 1894 de
1506 1828 1767 1915 regulae
1823 1827 2017 1894 modo
2073 1826 2431 1914 explicatae

317 1935 604 2015 ratione,
669 1955 838 2018 quae
907 1931 1170 1998 difficile
1241 1932 1497 1999 videtur
1560 1933 1833 2020 intelligi
1902 1955 2121 2020 posse,
2186 1933 2429 1999 dissero

319 2038 484 2126 Cap.
518 2038 604 2104 Il.
651 2039 711 2124 ξ.
745 2039 808 2108 3.
855 2076 940 2086 -

496 2159 545 2227 J
547 2181 650 2224 am
695 2181 845 2224 num
881 2159 1389 2246 Anglosaxonici
1432 2168 1661 2245 poetae
1705 2159 1986 2230 ternaria
2028 2159 2435 2227 hemistichia

321 2265 492 2331 thesi
537 2273 654 2331 aut
699 2263 847 2345 alia,
891 2274 1089 2347 atque
1134 2264 1425 2350 praefixo
1470 2264 1573 2329 vel
1618 2265 1959 2351 proclitico
2000 2265 2281 2351 expleta,
2323 2275 2434 2331 aut

322 2370 498 2435 nulla
543 2368 846 2435 adhibita
899 2368 1236 2451 finxerint,
1295 2369 1360 2434 in
1418 2370 1856 2454 quaestionem
1904 2370 2265 2436 vocandum
2312 2382 2432 2437 est.

323 2475 572 2541 Versus
639 2481 889 2555 autem,
963 2472 1028 2538 in
1097 2473 1330 2557 quibus
1396 2473 1757 2540 tractandis
1823 2474 1985 2541 haec
2042 2475 2435 2559 quaestionis

322 2608 478 2673 pars
518 2595 834 2667 versatur,
879 2585 1252 2673 singillatim
1292 2586 1751 2672 perstringam3
1801 2585 2008 2669 etita,
2056 2596 2127 2651 ut
2155 2586 2431 2672 primum

323 2690 406 2756 de
459 2690 539 2757 iis
597 2689 905 2755 disseram
965 2690 1292 2772 versibus,
1357 2690 1466 2775 qui
1526 2700 1781 2777 praeter
1823 2700 1957 2757 tres
2001 2713 2179 2757 arses
2222 2691 2436 2773 aliam,

323 2806 518 2881 atque
584 2794 872 2881 praefixo
947 2795 1045 2859 vel
1111 2794 1449 2881 proclitico
1517 2796 1838 2882 expletam
1912 2795 2143 2863 thesim
2201 2796 2437 2862 habere

325 2898 648 2965 videntur.

419 3023 494 3101 1)
539 3018 742 3087 Beov.
777 3020 930 3103 332,
977 3018 1130 3101 481,
1168 3021 1323 3102 363,
1369 3018 1845 3085 hemistichium
1896 3021 2182 3086 occurrit
2225 3030 2439 3086 oret-

547 3146 896 3212 mecgas‚
974 3134 1040 3191 et
1097 3125 1254 3190 item
1315 3122 1527 3197 Andr,
1575 3125 1873 3205 664‚·et
1918 3123 2264 3191 Eadveard
2316 3121 2437 3194 11b

545 3237 1156 3318 oret-macgum;
1204 3228 1439 3315 quibus
1470 3230 1533 3294 in
1566 3230 1859 3295 versibus
1906 3239 2080 3295 oret
2125 3228 2441 3295 vocabulo

547 3332 709 3401 duos
755 3342 1062 3400 accentus
1107 3334 1390 3399 tribuere
1438 3356 1562 3403 non
1610 3332 1941 3400 dubitabis
1987 3344 2304 3421 respecta,
2359 3334 2441 3399 de

547 3496 680 3559 qua
722 3474 782 3559 ξ.
814 3476 862 3542 4
889 3472 1238 3560 disputavi,
1283 3440 1555 3541 oretta
1600 3485 1666 3540 et
1711 3452 1807 3541 on
1824 3440 1988 3542 etto
2002 3498 2044 3540 n
2090 3476 2438 3541 formarum

525 3632 530 3641 .
549 3578 1056 3645 accentuatione.

417 3701 496 3783 2)
543 3698 620 3765 Β.
667 3699 878 3768 1036·
946 3698 1228 3766 editores
1285 3699 1594 3766 exhibent
1649 3700 2129 3767 hemistichium
2184 3697 2440 3765 fated-

549 3802 821 3869 hleore
863 3812 931 3869 et
963 3803 1168 3869 Andr.
1193 3806 1364 3875 478·
1404 3805 1974 3873 fated-sinces.
2034 3802 2167 3872 Sed
2210 3802 2441 3869 faeted

546 3927 756 3993 neque
809 3906 1026 3975 fated
1081 3909 1496 3976 scribendum
1556 3932 1699 3977 esse
1744 3919 1809 3976 et
1856 3910 1981 3977 hoc
2028 3908 2441 3997 participium

549 4010 633 4075 ad
691 4008 1022 4099 gothicum
1082 4013 1354 4079 verbum
1409 4013 1667 4101 fetjan
1726 4016 2069 4098 (κοσμεῖν)
2126 4014 2445 4101 pertinere
