<?xml version="1.0" encoding="UTF-8"?>
<!DOCTYPE html PUBLIC "-//W3C//DTD XHTML 1.0 Transitional//EN"
    "http://www.w3.org/TR/xhtml1/DTD/xhtml1-transitional.dtd">
<html xmlns="http://www.w3.org/1999/xhtml" xml:lang="en" lang="en">
 <head>
  <title>
</title>
<meta http-equiv="Content-Type" content="text/html;charset=utf-8" />
  <meta name='ocr-system' content='tesseract 3.04.00' />
  <meta name='ocr-capabilities' content='ocr_page ocr_carea ocr_par ocr_line ocrx_word'/>
</head>
<body>
  <div class='ocr_page' id='page_1' title='image "./deanglosaxonuma01schugoog_0023.png"; bbox 0 0 2787 4509; ppageno 0'>
   <div class='ocr_carea' id='block_1_1' title="bbox 2641 1 2755 204">
    <p class='ocr_par' dir='ltr' id='par_1_1' title="bbox 2641 1 2755 286">
     <span class='ocr_line' id='line_1_1' title="bbox 2641 1 2755 204; baseline 0 82"><span class='ocrx_word' id='word_1_1' title='bbox 2641 116 2647 123; x_wconf 90' lang='lat'><strong>·</strong></span> <span class='ocrx_word' id='word_1_2' title='bbox 2722 1 2755 204; x_wconf 57' lang='lat' dir='ltr'><strong>l</strong></span> 
     </span>
    </p>
   </div>
   <div class='ocr_carea' id='block_1_2' title="bbox 402 295 2753 675">
    <p class='ocr_par' dir='ltr' id='par_1_2' title="bbox 402 295 2753 675">
     <span class='ocr_line' id='line_1_2' title="bbox 2751 295 2753 332; baseline 0 0"><span class='ocrx_word' id='word_1_3' title='bbox 2751 295 2753 332; x_wconf 97' lang='grc' dir='ltr'>Ι</span> 
     </span>
     <span class='ocr_line' id='line_1_3' title="bbox 402 335 2753 470; baseline 0 -22"><span class='ocrx_word' id='word_1_4' title='bbox 402 385 498 448; x_wconf 87' lang='lat' dir='ltr'><strong>ita</strong></span> <span class='ocrx_word' id='word_1_5' title='bbox 539 382 793 470; x_wconf 83' lang='lat' dir='ltr'><strong>legendi</strong></span> <span class='ocrx_word' id='word_1_6' title='bbox 839 382 1160 461; x_wconf 84' lang='lat' dir='ltr'><strong>videntur,</strong></span> <span class='ocrx_word' id='word_1_7' title='bbox 1206 391 1278 446; x_wconf 91' lang='lat' dir='ltr'><strong>ut</strong></span> <span class='ocrx_word' id='word_1_8' title='bbox 1323 381 1693 466; x_wconf 84' lang='lat' dir='ltr'><strong>praeteritis</strong></span> <span class='ocrx_word' id='word_1_9' title='bbox 1736 392 1867 446; x_wconf 85' lang='lat' dir='ltr'><strong>tres</strong></span> <span class='ocrx_word' id='word_1_10' title='bbox 1899 380 2265 448; x_wconf 83' lang='lat' dir='ltr'><strong>tribuantur</strong></span> <span class='ocrx_word' id='word_1_11' title='bbox 2294 403 2527 450; x_wconf 84' lang='lat' dir='ltr'><strong>aceen-</strong></span> <span class='ocrx_word' id='word_1_12' title='bbox 2746 335 2753 454; x_wconf 61' lang='lat' dir='ltr'><strong>l</strong></span> 
     </span>
     <span class='ocr_line' id='line_1_4' title="bbox 404 483 2525 570; baseline 0 -20"><span class='ocrx_word' id='word_1_13' title='bbox 404 496 528 552; x_wconf 90' lang='lat' dir='ltr'><strong>tus.</strong></span> <span class='ocrx_word' id='word_1_14' title='bbox 576 525 659 536; x_wconf 94' lang='lat'>—</span> <span class='ocrx_word' id='word_1_15' title='bbox 709 489 803 552; x_wconf 91' lang='lat' dir='ltr'><strong>At</strong></span> <span class='ocrx_word' id='word_1_16' title='bbox 861 507 1082 551; x_wconf 88' lang='lat' dir='ltr'><strong>eorum</strong></span> <span class='ocrx_word' id='word_1_17' title='bbox 1101 533 1118 566; x_wconf 89' lang='lat'>‚</span> <span class='ocrx_word' id='word_1_18' title='bbox 1175 506 1445 569; x_wconf 90' lang='lat' dir='ltr'><strong>quorum</strong></span> <span class='ocrx_word' id='word_1_19' title='bbox 1508 485 1707 570; x_wconf 88' lang='lat' dir='ltr'><strong>stirps</strong></span> <span class='ocrx_word' id='word_1_20' title='bbox 1764 483 2117 569; x_wconf 88' lang='lat' dir='ltr'><strong>antiquitus</strong></span> <span class='ocrx_word' id='word_1_21' title='bbox 2176 506 2303 550; x_wconf 91' lang='lat' dir='ltr'><strong>non</strong></span> <span class='ocrx_word' id='word_1_22' title='bbox 2360 486 2425 550; x_wconf 89' lang='lat' dir='ltr'><strong>in</strong></span> <span class='ocrx_word' id='word_1_23' title='bbox 2482 491 2525 550; x_wconf 84' lang='grc' dir='ltr'>ὂ</span> 
     </span>
     <span class='ocr_line' id='line_1_5' title="bbox 403 587 2527 675; baseline -0.001 -20"><span class='ocrx_word' id='word_1_24' title='bbox 403 588 518 655; x_wconf 88' lang='lat' dir='ltr'><strong>sed</strong></span> <span class='ocrx_word' id='word_1_25' title='bbox 563 591 627 654; x_wconf 89' lang='lat' dir='ltr'><strong>in</strong></span> <span class='ocrx_word' id='word_1_26' title='bbox 673 590 698 654; x_wconf 89' lang='lat' dir='ltr'><strong>i</strong></span> <span class='ocrx_word' id='word_1_27' title='bbox 745 589 959 670; x_wconf 87' lang='lat' dir='ltr'><strong>desiit,</strong></span> <span class='ocrx_word' id='word_1_28' title='bbox 1019 587 1511 674; x_wconf 87' lang='lat' dir='ltr'><strong>praeteritorum</strong></span> <span class='ocrx_word' id='word_1_29' title='bbox 1562 610 1756 652; x_wconf 88' lang='lat' dir='ltr'><strong>unum</strong></span> <span class='ocrx_word' id='word_1_30' title='bbox 1806 589 1944 653; x_wconf 86' lang='lat' dir='ltr'><strong>eius</strong></span> <span class='ocrx_word' id='word_1_31' title='bbox 1996 589 2255 675; x_wconf 84' lang='lat' dir='ltr'><strong>generis</strong></span> <span class='ocrx_word' id='word_1_32' title='bbox 2308 610 2527 653; x_wconf 82' lang='lat' dir='ltr'><strong>exem-</strong></span> 
     </span>
    </p>
   </div>
   <div class='ocr_carea' id='block_1_3' title="bbox 409 693 1941 896">
    <p class='ocr_par' dir='ltr' id='par_1_3' title="bbox 409 693 1941 896">
     <span class='ocr_line' id='line_1_6' title="bbox 409 693 876 778; baseline -0.004 -20"><span class='ocrx_word' id='word_1_33' title='bbox 409 693 582 778; x_wconf 90' lang='lat' dir='ltr'><strong>plum</strong></span> <span class='ocrx_word' id='word_1_34' title='bbox 637 693 876 778; x_wconf 86' lang='lat' dir='ltr'><strong>reperi:</strong></span> 
     </span>
     <span class='ocr_line' id='line_1_7' title="bbox 927 826 1941 896; baseline -0.005 -1"><span class='ocrx_word' id='word_1_35' title='bbox 927 827 1093 895; x_wconf 86' lang='lat' dir='ltr'><strong>Gen.</strong></span> <span class='ocrx_word' id='word_1_36' title='bbox 1145 828 1318 896; x_wconf 80' lang='lat'>2840</span> <span class='ocrx_word' id='word_1_37' title='bbox 1414 827 1575 893; x_wconf 89' lang='lat' dir='ltr'><strong>burh</strong></span> <span class='ocrx_word' id='word_1_38' title='bbox 1626 826 1941 892; x_wconf 84' lang='lat' dir='ltr'><strong>timbrede</strong></span> 
     </span>
    </p>
   </div>
   <div class='ocr_carea' id='block_1_4' title="bbox 401 957 2523 1154">
    <p class='ocr_par' dir='ltr' id='par_1_4' title="bbox 401 957 2523 1154">
     <span class='ocr_line' id='line_1_8' title="bbox 405 957 2523 1052; baseline -0.001 -20"><span class='ocrx_word' id='word_1_39' title='bbox 405 965 602 1050; x_wconf 86' lang='lat' dir='ltr'><strong>quod,</strong></span> <span class='ocrx_word' id='word_1_40' title='bbox 648 988 1036 1050; x_wconf 90' lang='lat' dir='ltr'><strong>quamquam</strong></span> <span class='ocrx_word' id='word_1_41' title='bbox 1087 965 1544 1050; x_wconf 81' lang='lat' dir='ltr'><strong>paenultimam</strong></span> <span class='ocrx_word' id='word_1_42' title='bbox 1594 957 1789 1030; x_wconf 81' lang='lat' dir='ltr'><strong>habet</strong></span> <span class='ocrx_word' id='word_1_43' title='bbox 1836 966 2189 1052; x_wconf 87' lang='lat' dir='ltr'><strong>antiquitus</strong></span> <span class='ocrx_word' id='word_1_44' title='bbox 2237 964 2523 1046; x_wconf 85' lang='lat' dir='ltr'><strong>brevem,</strong></span> 
     </span>
     <span class='ocr_line' id='line_1_9' title="bbox 401 1067 2523 1154; baseline -0.002 -18"><span class='ocrx_word' id='word_1_45' title='bbox 401 1080 616 1136; x_wconf 90' lang='lat' dir='ltr'><strong>tamen</strong></span> <span class='ocrx_word' id='word_1_46' title='bbox 679 1068 1010 1135; x_wconf 85' lang='lat' dir='ltr'><strong>ferendum</strong></span> <span class='ocrx_word' id='word_1_47' title='bbox 1073 1091 1212 1134; x_wconf 92' lang='lat' dir='ltr'><strong>esse</strong></span> <span class='ocrx_word' id='word_1_48' title='bbox 1269 1078 1429 1154; x_wconf 90' lang='lat' dir='ltr'><strong>puto</strong></span> <span class='ocrx_word' id='word_1_49' title='bbox 1490 1082 1553 1135; x_wconf 86' lang='lat' dir='ltr'><strong>et</strong></span> <span class='ocrx_word' id='word_1_50' title='bbox 1614 1071 1909 1135; x_wconf 88' lang='lat' dir='ltr'><strong>excusari</strong></span> <span class='ocrx_word' id='word_1_51' title='bbox 1968 1090 2081 1151; x_wconf 87' lang='lat' dir='ltr'><strong>e0‚</strong></span> <span class='ocrx_word' id='word_1_52' title='bbox 2140 1067 2315 1152; x_wconf 89' lang='lat' dir='ltr'><strong>quod</strong></span> <span class='ocrx_word' id='word_1_53' title='bbox 2373 1079 2523 1132; x_wconf 89' lang='lat' dir='ltr'><strong>ante</strong></span> 
     </span>
    </p>
   </div>
   <div class='ocr_carea' id='block_1_5' title="bbox 1429 210 1505 276">
    <p class='ocr_par' dir='ltr' id='par_1_5' title="bbox 1429 210 1505 276">
     <span class='ocr_line' id='line_1_10' title="bbox 1429 210 1505 276; baseline -0.013 0"><span class='ocrx_word' id='word_1_54' title='bbox 1429 210 1505 276; x_wconf 84' lang='lat'><strong>16</strong></span> 
     </span>
    </p>
   </div>
   <div class='ocr_carea' id='block_1_6' title="bbox 401 1183 2521 1431">
    <p class='ocr_par' dir='ltr' id='par_1_6' title="bbox 401 1183 2521 1431">
     <span class='ocr_line' id='line_1_11' title="bbox 401 1183 2521 1294; baseline -0.001 -22"><span class='ocrx_word' id='word_1_55' title='bbox 401 1231 434 1272; x_wconf 93' lang='lat' dir='ltr'><strong>r</strong></span> <span class='ocrx_word' id='word_1_56' title='bbox 477 1216 935 1272; x_wconf 78' lang='lat' dir='ltr'><strong>consonantem</strong></span> <span class='ocrx_word' id='word_1_57' title='bbox 986 1205 1229 1272; x_wconf 84' lang='lat' dir='ltr'><strong>vocalis</strong></span> <span class='ocrx_word' id='word_1_58' title='bbox 1277 1229 1392 1293; x_wconf 87' lang='lat' dir='ltr'><strong>per</strong></span> <span class='ocrx_word' id='word_1_59' title='bbox 1438 1229 1768 1294; x_wconf 81' lang='lat' dir='ltr'><strong>syncopen</strong></span> <span class='ocrx_word' id='word_1_60' title='bbox 1815 1225 2124 1293; x_wconf 85' lang='lat' dir='ltr'><strong>oppressa</strong></span> <span class='ocrx_word' id='word_1_61' title='bbox 2170 1215 2272 1270; x_wconf 89' lang='lat' dir='ltr'><strong>est</strong></span> <span class='ocrx_word' id='word_1_62' title='bbox 2301 1183 2521 1289; x_wconf 72' lang='lat' dir='ltr'><strong>(ti&#39;m-</strong></span> 
     </span>
     <span class='ocr_line' id='line_1_12' title="bbox 402 1309 2521 1431; baseline -0 -20"><span class='ocrx_word' id='word_1_63' title='bbox 402 1309 757 1426; x_wconf 60' lang='grc' dir='ltr'><strong>ὺέηᾱὲ).</strong></span> <span class='ocrx_word' id='word_1_64' title='bbox 833 1345 912 1410; x_wconf 73' lang='lat' dir='ltr'><strong>cf.</strong></span> <span class='ocrx_word' id='word_1_65' title='bbox 973 1367 1032 1429; x_wconf 83' lang='lat' dir='ltr'><strong>p.</strong></span> <span class='ocrx_word' id='word_1_66' title='bbox 1095 1354 1160 1407; x_wconf 75' lang='lat' dir='ltr'><strong>et</strong></span> <span class='ocrx_word' id='word_1_67' title='bbox 1220 1367 1280 1428; x_wconf 80' lang='lat' dir='ltr'><strong>p.</strong></span> <span class='ocrx_word' id='word_1_68' title='bbox 1331 1353 1396 1409; x_wconf 71' lang='lat' dir='ltr'><strong>et</strong></span> <span class='ocrx_word' id='word_1_69' title='bbox 1442 1323 1523 1411; x_wconf 71' lang='lat' dir='ltr'><strong>of.</strong></span> <span class='ocrx_word' id='word_1_70' title='bbox 1581 1345 1711 1412; x_wconf 68' lang='lat' dir='ltr'><strong>Hel</strong></span> <span class='ocrx_word' id='word_1_71' title='bbox 1762 1341 1973 1414; x_wconf 68' lang='lat'><strong>5243.</strong></span> <span class='ocrx_word' id='word_1_72' title='bbox 2034 1344 2189 1431; x_wconf 85' lang='lat' dir='ltr'><strong>hugi</strong></span> <span class='ocrx_word' id='word_1_73' title='bbox 2225 1312 2521 1411; x_wconf 45' lang='lat' dir='ltr'><strong>winidi}</strong></span> 
     </span>
    </p>
   </div>
   <div class='ocr_carea' id='block_1_7' title="bbox 398 1449 2754 2297">
    <p class='ocr_par' dir='ltr' id='par_1_7' title="bbox 398 1449 2754 2297">
     <span class='ocr_line' id='line_1_13' title="bbox 403 1449 2520 1570; baseline -0.001 -21"><span class='ocrx_word' id='word_1_74' title='bbox 403 1487 585 1570; x_wconf 72' lang='lat' dir='ltr'><strong>(proz</strong></span> <span class='ocrx_word' id='word_1_75' title='bbox 643 1449 990 1564; x_wconf 65' lang='lat' dir='ltr'><strong>twi‘felida)</strong></span> <span class='ocrx_word' id='word_1_76' title='bbox 1053 1494 1120 1548; x_wconf 92' lang='lat' dir='ltr'><strong>et</strong></span> <span class='ocrx_word' id='word_1_77' title='bbox 1176 1482 1325 1546; x_wconf 87' lang='lat' dir='ltr'><strong>vide</strong></span> <span class='ocrx_word' id='word_1_78' title='bbox 1385 1482 1467 1548; x_wconf 86' lang='lat' dir='ltr'><strong>ad</strong></span> <span class='ocrx_word' id='word_1_79' title='bbox 1524 1504 1633 1565; x_wconf 84' lang='lat' dir='ltr'><strong>ea,</strong></span> <span class='ocrx_word' id='word_1_80' title='bbox 1705 1505 1869 1568; x_wconf 88' lang='lat' dir='ltr'><strong>quae</strong></span> <span class='ocrx_word' id='word_1_81' title='bbox 1937 1483 2001 1547; x_wconf 92' lang='lat' dir='ltr'><strong>in</strong></span> <span class='ocrx_word' id='word_1_82' title='bbox 2058 1493 2281 1549; x_wconf 78' lang='lat' dir='ltr'><strong>sextae</strong></span> <span class='ocrx_word' id='word_1_83' title='bbox 2329 1505 2520 1569; x_wconf 86' lang='lat' dir='ltr'><strong>para-</strong></span> 
     </span>
     <span class='ocr_line' id='line_1_14' title="bbox 400 1585 2518 1674; baseline 0 -22"><span class='ocrx_word' id='word_1_84' title='bbox 400 1587 631 1674; x_wconf 81' lang='lat' dir='ltr'><strong>graphi</strong></span> <span class='ocrx_word' id='word_1_85' title='bbox 674 1587 802 1653; x_wconf 84' lang='lat' dir='ltr'><strong>fine</strong></span> <span class='ocrx_word' id='word_1_86' title='bbox 845 1586 1137 1673; x_wconf 86' lang='lat' dir='ltr'><strong>pluribus</strong></span> <span class='ocrx_word' id='word_1_87' title='bbox 1181 1585 1433 1652; x_wconf 84' lang='lat' dir='ltr'><strong>dissero</strong></span> <span class='ocrx_word' id='word_1_88' title='bbox 1479 1585 1561 1650; x_wconf 89' lang='lat' dir='ltr'><strong>de</strong></span> <span class='ocrx_word' id='word_1_89' title='bbox 1606 1595 1975 1653; x_wconf 83' lang='lat' dir='ltr'><strong>remanente</strong></span> <span class='ocrx_word' id='word_1_90' title='bbox 2020 1587 2136 1654; x_wconf 86' lang='lat' dir='ltr'><strong>tali</strong></span> <span class='ocrx_word' id='word_1_91' title='bbox 2182 1587 2246 1652; x_wconf 89' lang='lat' dir='ltr'><strong>vi</strong></span> <span class='ocrx_word' id='word_1_92' title='bbox 2276 1587 2518 1659; x_wconf 86' lang='lat' dir='ltr'><strong>vocalis</strong></span> 
     </span>
     <span class='ocr_line' id='line_1_15' title="bbox 403 1688 2754 1790; baseline 0 -34"><span class='ocrx_word' id='word_1_93' title='bbox 403 1713 791 1776; x_wconf 86' lang='lat' dir='ltr'><strong>quamquam</strong></span> <span class='ocrx_word' id='word_1_94' title='bbox 837 1711 954 1775; x_wconf 90' lang='lat' dir='ltr'><strong>per</strong></span> <span class='ocrx_word' id='word_1_95' title='bbox 999 1710 1332 1776; x_wconf 78' lang='lat' dir='ltr'><strong>syncopen</strong></span> <span class='ocrx_word' id='word_1_96' title='bbox 1377 1690 1507 1753; x_wconf 88' lang='lat' dir='ltr'><strong>iam</strong></span> <span class='ocrx_word' id='word_1_97' title='bbox 1553 1711 1922 1775; x_wconf 85' lang='lat' dir='ltr'><strong>oppressae.</strong></span> <span class='ocrx_word' id='word_1_98' title='bbox 1960 1729 2037 1742; x_wconf 94' lang='lat'>—</span> <span class='ocrx_word' id='word_1_99' title='bbox 2069 1713 2135 1776; x_wconf 90' lang='lat' dir='ltr'><strong>p.</strong></span> <span class='ocrx_word' id='word_1_100' title='bbox 2166 1689 2276 1758; x_wconf 89' lang='grc'><strong>83.</strong></span> <span class='ocrx_word' id='word_1_101' title='bbox 2365 1688 2517 1756; x_wconf 80' lang='lat' dir='ltr'><strong>Jam</strong></span> <span class='ocrx_word' id='word_1_102' title='bbox 2692 1765 2695 1774; x_wconf 33' lang='grc' dir='ltr'>Ι</span> <span class='ocrx_word' id='word_1_103' title='bbox 2751 1695 2754 1790; x_wconf 51' lang='lat' dir='ltr'><strong>l</strong></span> 
     </span>
     <span class='ocr_line' id='line_1_16' title="bbox 402 1792 2515 1878; baseline -0.001 -18"><span class='ocrx_word' id='word_1_104' title='bbox 402 1818 554 1860; x_wconf 89' lang='lat' dir='ltr'><strong>num</strong></span> <span class='ocrx_word' id='word_1_105' title='bbox 619 1794 730 1860; x_wconf 86' lang='lat' dir='ltr'><strong>illa</strong></span> <span class='ocrx_word' id='word_1_106' title='bbox 799 1792 1306 1859; x_wconf 89' lang='lat' dir='ltr'><strong>accentuationis</strong></span> <span class='ocrx_word' id='word_1_107' title='bbox 1379 1793 1642 1858; x_wconf 89' lang='lat' dir='ltr'><strong>licentia</strong></span> <span class='ocrx_word' id='word_1_108' title='bbox 1718 1793 1929 1859; x_wconf 87' lang='lat' dir='ltr'><strong>medio</strong></span> <span class='ocrx_word' id='word_1_109' title='bbox 2003 1815 2257 1878; x_wconf 86' lang='lat' dir='ltr'><strong>quoque</strong></span> <span class='ocrx_word' id='word_1_110' title='bbox 2328 1816 2515 1860; x_wconf 87' lang='lat' dir='ltr'><strong>versu</strong></span> 
     </span>
     <span class='ocr_line' id='line_1_17' title="bbox 401 1895 2517 1982; baseline -0.001 -19"><span class='ocrx_word' id='word_1_111' title='bbox 401 1897 669 1964; x_wconf 88' lang='lat' dir='ltr'><strong>concedi</strong></span> <span class='ocrx_word' id='word_1_112' title='bbox 735 1896 1002 1979; x_wconf 84' lang='lat' dir='ltr'><strong>debeat,</strong></span> <span class='ocrx_word' id='word_1_113' title='bbox 1039 1896 1449 1981; x_wconf 68' lang='lat' dir='ltr'><strong>quaestione</strong></span> <span class='ocrx_word' id='word_1_114' title='bbox 1518 1895 1643 1962; x_wconf 89' lang='lat' dir='ltr'><strong>hoc</strong></span> <span class='ocrx_word' id='word_1_115' title='bbox 1699 1895 1845 1961; x_wconf 88' lang='lat' dir='ltr'><strong>loco</strong></span> <span class='ocrx_word' id='word_1_116' title='bbox 1897 1897 2387 1982; x_wconf 85' lang='lat' dir='ltr'><strong>praetermissa,</strong></span> <span class='ocrx_word' id='word_1_117' title='bbox 2444 1909 2517 1962; x_wconf 88' lang='lat' dir='ltr'><strong>ut</strong></span> 
     </span>
     <span class='ocr_line' id='line_1_18' title="bbox 401 1999 2517 2087; baseline 0 -21"><span class='ocrx_word' id='word_1_118' title='bbox 401 2023 530 2087; x_wconf 91' lang='lat' dir='ltr'><strong>qua</strong></span> <span class='ocrx_word' id='word_1_119' title='bbox 569 2001 652 2067; x_wconf 88' lang='lat' dir='ltr'><strong>de</strong></span> <span class='ocrx_word' id='word_1_120' title='bbox 693 2023 766 2066; x_wconf 90' lang='lat' dir='ltr'><strong>re</strong></span> <span class='ocrx_word' id='word_1_121' title='bbox 811 2001 956 2067; x_wconf 91' lang='lat' dir='ltr'><strong>loco</strong></span> <span class='ocrx_word' id='word_1_122' title='bbox 1004 1999 1084 2065; x_wconf 91' lang='lat' dir='ltr'><strong>de</strong></span> <span class='ocrx_word' id='word_1_123' title='bbox 1131 2021 1320 2065; x_wconf 85' lang='lat' dir='ltr'><strong>versu</strong></span> <span class='ocrx_word' id='word_1_124' title='bbox 1367 1999 1649 2065; x_wconf 85' lang='lat' dir='ltr'><strong>ternario</strong></span> <span class='ocrx_word' id='word_1_125' title='bbox 1695 2000 1991 2066; x_wconf 84' lang='lat' dir='ltr'><strong>absoluto</strong></span> <span class='ocrx_word' id='word_1_126' title='bbox 2037 2001 2297 2066; x_wconf 88' lang='lat' dir='ltr'><strong>demum</strong></span> <span class='ocrx_word' id='word_1_127' title='bbox 2341 2014 2517 2066; x_wconf 88' lang='lat' dir='ltr'><strong>recte</strong></span> 
     </span>
     <span class='ocr_line' id='line_1_19' title="bbox 400 2103 2517 2192; baseline -0.001 -22"><span class='ocrx_word' id='word_1_128' title='bbox 400 2105 732 2191; x_wconf 88' lang='lat' dir='ltr'><strong>disputare</strong></span> <span class='ocrx_word' id='word_1_129' title='bbox 777 2104 933 2170; x_wconf 88' lang='lat' dir='ltr'><strong>mihi</strong></span> <span class='ocrx_word' id='word_1_130' title='bbox 977 2105 1201 2168; x_wconf 88' lang='lat' dir='ltr'><strong>vide-ar</strong></span> <span class='ocrx_word' id='word_1_131' title='bbox 1245 2125 1459 2189; x_wconf 89' lang='lat' dir='ltr'><strong>posse,</strong></span> <span class='ocrx_word' id='word_1_132' title='bbox 1500 2103 1583 2168; x_wconf 90' lang='lat' dir='ltr'><strong>ad</strong></span> <span class='ocrx_word' id='word_1_133' title='bbox 1632 2104 1807 2169; x_wconf 88' lang='lat' dir='ltr'><strong>aliud</strong></span> <span class='ocrx_word' id='word_1_134' title='bbox 1854 2103 2178 2190; x_wconf 83' lang='lat' dir='ltr'><strong>quoddam</strong></span> <span class='ocrx_word' id='word_1_135' title='bbox 2222 2127 2423 2192; x_wconf 90' lang='lat' dir='ltr'><strong>genus</strong></span> <span class='ocrx_word' id='word_1_136' title='bbox 2452 2121 2517 2170; x_wconf 88' lang='lat' dir='ltr'><strong>et</strong></span> 
     </span>
     <span class='ocr_line' id='line_1_20' title="bbox 398 2208 2037 2297; baseline -0.001 -23"><span class='ocrx_word' id='word_1_137' title='bbox 398 2210 613 2297; x_wconf 89' lang='lat' dir='ltr'><strong>ipsum</strong></span> <span class='ocrx_word' id='word_1_138' title='bbox 654 2208 735 2274; x_wconf 90' lang='lat' dir='ltr'><strong>ad</strong></span> <span class='ocrx_word' id='word_1_139' title='bbox 783 2209 1338 2275; x_wconf 87' lang='lat' dir='ltr'><strong>accentuationem</strong></span> <span class='ocrx_word' id='word_1_140' title='bbox 1387 2209 1715 2294; x_wconf 81' lang='lat' dir='ltr'><strong>pertinens</strong></span> <span class='ocrx_word' id='word_1_141' title='bbox 1760 2221 2037 2275; x_wconf 82' lang='lat' dir='ltr'><strong>transeo,</strong></span> 
     </span>
    </p>
   </div>
   <div class='ocr_carea' id='block_1_8' title="bbox 2740 1613 2754 1694">
    <p class='ocr_par' dir='ltr' id='par_1_8' title="bbox 2740 1613 2754 1694">
     <span class='ocr_line' id='line_1_21' title="bbox 2740 1613 2754 1694; textangle 90"><span class='ocrx_word' id='word_1_142' title='bbox 2740 1613 2754 1694; x_wconf 48' lang='grc' dir='ltr'><strong>,μθ</strong></span> 
     </span>
    </p>
   </div>
   <div class='ocr_carea' id='block_1_9' title="bbox 397 2316 2521 3181">
    <p class='ocr_par' dir='ltr' id='par_1_9' title="bbox 397 2316 2521 3159">
     <span class='ocr_line' id='line_1_22' title="bbox 577 2316 2516 2435; baseline -0.001 -22"><span class='ocrx_word' id='word_1_143' title='bbox 577 2346 676 2413; x_wconf 90' lang='lat' dir='ltr'><strong>Ut</strong></span> <span class='ocrx_word' id='word_1_144' title='bbox 718 2347 920 2433; x_wconf 88' lang='lat' dir='ltr'><strong>igitur</strong></span> <span class='ocrx_word' id='word_1_145' title='bbox 963 2346 1027 2409; x_wconf 91' lang='lat' dir='ltr'><strong>in</strong></span> <span class='ocrx_word' id='word_1_146' title='bbox 1057 2346 1184 2411; x_wconf 85' lang='lat' dir='ltr'><strong>flue</strong></span> <span class='ocrx_word' id='word_1_147' title='bbox 1214 2369 1513 2413; x_wconf 85' lang='lat' dir='ltr'><strong>versuum</strong></span> <span class='ocrx_word' id='word_1_148' title='bbox 1558 2316 1837 2435; x_wconf 74' lang='lat' dir='ltr'><strong>dagum</strong></span> <span class='ocrx_word' id='word_1_149' title='bbox 1879 2360 1945 2415; x_wconf 92' lang='lat' dir='ltr'><strong>et</strong></span> <span class='ocrx_word' id='word_1_150' title='bbox 1982 2317 2516 2415; x_wconf 73' lang='lat' dir='ltr'><strong>feorh-banan</strong></span> 
     </span>
     <span class='ocr_line' id='line_1_23' title="bbox 401 2450 2517 2541; baseline 0 -24"><span class='ocrx_word' id='word_1_151' title='bbox 401 2463 467 2517; x_wconf 88' lang='lat' dir='ltr'><strong>et</strong></span> <span class='ocrx_word' id='word_1_152' title='bbox 508 2452 636 2518; x_wconf 88' lang='lat' dir='ltr'><strong>alia</strong></span> <span class='ocrx_word' id='word_1_153' title='bbox 680 2452 819 2517; x_wconf 89' lang='lat' dir='ltr'><strong>eius</strong></span> <span class='ocrx_word' id='word_1_154' title='bbox 862 2452 1116 2538; x_wconf 87' lang='lat' dir='ltr'><strong>generis</strong></span> <span class='ocrx_word' id='word_1_155' title='bbox 1159 2450 1541 2537; x_wconf 85' lang='lat' dir='ltr'><strong>procedunt,</strong></span> <span class='ocrx_word' id='word_1_156' title='bbox 1586 2452 1680 2518; x_wconf 87' lang='lat' dir='ltr'><strong>ita</strong></span> <span class='ocrx_word' id='word_1_157' title='bbox 1708 2452 1901 2517; x_wconf 88' lang='lat' dir='ltr'><strong>etiam</strong></span> <span class='ocrx_word' id='word_1_158' title='bbox 1935 2452 2307 2541; x_wconf 82' lang='lat' dir='ltr'><strong>trisyllabis,</strong></span> <span class='ocrx_word' id='word_1_159' title='bbox 2352 2474 2517 2537; x_wconf 86' lang='lat' dir='ltr'><strong>quae</strong></span> 
     </span>
     <span class='ocr_line' id='line_1_24' title="bbox 403 2553 2521 2642; baseline 0 -21"><span class='ocrx_word' id='word_1_160' title='bbox 403 2557 676 2642; x_wconf 87' lang='lat' dir='ltr'><strong>primam</strong></span> <span class='ocrx_word' id='word_1_161' title='bbox 706 2554 947 2621; x_wconf 90' lang='lat' dir='ltr'><strong>habent</strong></span> <span class='ocrx_word' id='word_1_162' title='bbox 978 2554 1262 2636; x_wconf 85' lang='lat' dir='ltr'><strong>brevem,</strong></span> <span class='ocrx_word' id='word_1_163' title='bbox 1293 2554 1579 2620; x_wconf 89' lang='lat' dir='ltr'><strong>secunda</strong></span> <span class='ocrx_word' id='word_1_164' title='bbox 1608 2553 1802 2641; x_wconf 90' lang='lat' dir='ltr'><strong>longa</strong></span> <span class='ocrx_word' id='word_1_165' title='bbox 1829 2555 2151 2621; x_wconf 89' lang='lat' dir='ltr'><strong>interdum</strong></span> <span class='ocrx_word' id='word_1_166' title='bbox 2181 2579 2307 2621; x_wconf 90' lang='lat' dir='ltr'><strong>non</strong></span> <span class='ocrx_word' id='word_1_167' title='bbox 2342 2566 2521 2637; x_wconf 78' lang='lat' dir='ltr'><strong>caret</strong></span> 
     </span>
     <span class='ocr_line' id='line_1_25' title="bbox 401 2658 2517 2743; baseline -0.001 -16"><span class='ocrx_word' id='word_1_168' title='bbox 401 2669 695 2741; x_wconf 85' lang='lat' dir='ltr'><strong>accentu,</strong></span> <span class='ocrx_word' id='word_1_169' title='bbox 749 2681 892 2743; x_wconf 75' lang='lat' dir='ltr'><strong>quo,</strong></span> <span class='ocrx_word' id='word_1_170' title='bbox 923 2658 1204 2723; x_wconf 87' lang='lat' dir='ltr'><strong>efficitur</strong></span> <span class='ocrx_word' id='word_1_171' title='bbox 1246 2660 1653 2725; x_wconf 87' lang='lat' dir='ltr'><strong>accentuatio</strong></span> <span class='ocrx_word' id='word_1_172' title='bbox 1677 2658 2105 2741; x_wconf 83' lang='lat' dir='ltr'><strong>descendens3</strong></span> <span class='ocrx_word' id='word_1_173' title='bbox 2152 2658 2256 2725; x_wconf 88' lang='lat' dir='ltr'><strong>cui</strong></span> <span class='ocrx_word' id='word_1_174' title='bbox 2300 2668 2517 2726; x_wconf 89' lang='lat' dir='ltr'><strong>tamen</strong></span> 
     </span>
     <span class='ocr_line' id='line_1_26' title="bbox 398 2760 2513 2849; baseline 0 -22"><span class='ocrx_word' id='word_1_175' title='bbox 398 2762 699 2829; x_wconf 88' lang='lat' dir='ltr'><strong>licentiae</strong></span> <span class='ocrx_word' id='word_1_176' title='bbox 765 2771 944 2828; x_wconf 85' lang='lat' dir='ltr'><strong>certa</strong></span> <span class='ocrx_word' id='word_1_177' title='bbox 1012 2769 1266 2827; x_wconf 90' lang='lat' dir='ltr'><strong>tantum</strong></span> <span class='ocrx_word' id='word_1_178' title='bbox 1328 2760 1646 2827; x_wconf 85' lang='lat' dir='ltr'><strong>vocabula</strong></span> <span class='ocrx_word' id='word_1_179' title='bbox 1709 2762 1967 2831; x_wconf 86' lang='lat' dir='ltr'><strong>cedunt.</strong></span> <span class='ocrx_word' id='word_1_180' title='bbox 2078 2764 2178 2827; x_wconf 89' lang='lat' dir='ltr'><strong>Ac</strong></span> <span class='ocrx_word' id='word_1_181' title='bbox 2231 2762 2513 2849; x_wconf 86' lang='lat' dir='ltr'><strong>primum</strong></span> 
     </span>
     <span class='ocr_line' id='line_1_27' title="bbox 402 2865 2515 2953; baseline -0.001 -22"><span class='ocrx_word' id='word_1_182' title='bbox 402 2866 664 2951; x_wconf 89' lang='lat' dir='ltr'><strong>quidem</strong></span> <span class='ocrx_word' id='word_1_183' title='bbox 721 2868 814 2932; x_wconf 86' lang='lat' dir='ltr'><strong>sie</strong></span> <span class='ocrx_word' id='word_1_184' title='bbox 874 2866 1174 2953; x_wconf 87' lang='lat' dir='ltr'><strong>cyning</strong></span> <span class='ocrx_word' id='word_1_185' title='bbox 1227 2865 1528 2931; x_wconf 83' lang='lat' dir='ltr'><strong>vocabuli</strong></span> <span class='ocrx_word' id='word_1_186' title='bbox 1577 2888 1766 2931; x_wconf 88' lang='lat' dir='ltr'><strong>casus</strong></span> <span class='ocrx_word' id='word_1_187' title='bbox 1812 2877 1880 2932; x_wconf 91' lang='lat' dir='ltr'><strong>et</strong></span> <span class='ocrx_word' id='word_1_188' title='bbox 1920 2867 1986 2931; x_wconf 91' lang='lat' dir='ltr'><strong>in</strong></span> <span class='ocrx_word' id='word_1_189' title='bbox 2032 2866 2327 2932; x_wconf 89' lang='lat' dir='ltr'><strong>omnibus</strong></span> <span class='ocrx_word' id='word_1_190' title='bbox 2376 2869 2515 2931; x_wconf 88' lang='lat' dir='ltr'><strong>An-</strong></span> 
     </span>
     <span class='ocr_line' id='line_1_28' title="bbox 399 2968 2515 3055; baseline -0 -22"><span class='ocrx_word' id='word_1_191' title='bbox 399 2969 649 3055; x_wconf 87' lang='lat' dir='ltr'><strong>glosax.</strong></span> <span class='ocrx_word' id='word_1_192' title='bbox 710 2970 1025 3055; x_wconf 86' lang='lat' dir='ltr'><strong>poematis</strong></span> <span class='ocrx_word' id='word_1_193' title='bbox 1082 2980 1148 3034; x_wconf 91' lang='lat' dir='ltr'><strong>et</strong></span> <span class='ocrx_word' id='word_1_194' title='bbox 1191 2969 1256 3033; x_wconf 87' lang='lat' dir='ltr'><strong>iu</strong></span> <span class='ocrx_word' id='word_1_195' title='bbox 1303 2990 1533 3055; x_wconf 85' lang='lat' dir='ltr'><strong>evang.</strong></span> <span class='ocrx_word' id='word_1_196' title='bbox 1580 2968 1917 3035; x_wconf 90' lang='lat' dir='ltr'><strong>harmonia</strong></span> <span class='ocrx_word' id='word_1_197' title='bbox 1962 2968 2287 3037; x_wconf 84' lang='lat' dir='ltr'><strong>Saxonica</strong></span> <span class='ocrx_word' id='word_1_198' title='bbox 2328 2990 2515 3035; x_wconf 89' lang='lat' dir='ltr'><strong>usur-</strong></span> 
     </span>
     <span class='ocr_line' id='line_1_29' title="bbox 397 3072 1663 3181; baseline 0 -44"><span class='ocrx_word' id='word_1_199' title='bbox 397 3083 655 3159; x_wconf 83' lang='lat' dir='ltr'><strong>pantur,</strong></span> <span class='ocrx_word' id='word_1_200' title='bbox 697 3083 764 3139; x_wconf 88' lang='lat' dir='ltr'><strong>et</strong></span> <span class='ocrx_word' id='word_1_201' title='bbox 809 3074 1085 3181; x_wconf 84' lang='lat' dir='ltr'><strong>maxime</strong></span> <span class='ocrx_word' id='word_1_202' title='bbox 1129 3072 1196 3138; x_wconf 92' lang='lat' dir='ltr'><strong>in</strong></span> <span class='ocrx_word' id='word_1_203' title='bbox 1241 3072 1663 3158; x_wconf 89' lang='lat' dir='ltr'><strong>compositis.</strong></span> 
     </span>
    </p>
   </div>
   <div class='ocr_carea' id='block_1_10' title="bbox 891 3177 1831 3849">
    <p class='ocr_par' dir='ltr' id='par_1_10' title="bbox 891 3177 1831 3849">
     <span class='ocr_line' id='line_1_30' title="bbox 891 3177 1801 3297; baseline -0.002 -21"><span class='ocrx_word' id='word_1_204' title='bbox 891 3210 975 3276; x_wconf 88' lang='lat' dir='ltr'><strong>of.</strong></span> <span class='ocrx_word' id='word_1_205' title='bbox 1022 3210 1100 3277; x_wconf 92' lang='grc' dir='ltr'><strong>Β.</strong></span> <span class='ocrx_word' id='word_1_206' title='bbox 1149 3212 1190 3279; x_wconf 88' lang='grc'><strong>2</strong></span> <span class='ocrx_word' id='word_1_207' title='bbox 1279 3210 1502 3294; x_wconf 78' lang='lat' dir='ltr'><strong>peod-</strong></span> <span class='ocrx_word' id='word_1_208' title='bbox 1474 3177 1801 3297; x_wconf 79' lang='lat' dir='ltr'><strong>-oyninga</strong></span> 
     </span>
     <span class='ocr_line' id='line_1_31' title="bbox 892 3314 1789 3436; baseline -0.002 -22"><span class='ocrx_word' id='word_1_209' title='bbox 892 3350 971 3415; x_wconf 91' lang='lat' dir='ltr'><strong>B.</strong></span> <span class='ocrx_word' id='word_1_210' title='bbox 1023 3348 1193 3419; x_wconf 81' lang='lat'>1039</span> <span class='ocrx_word' id='word_1_211' title='bbox 1284 3347 1497 3413; x_wconf 87' lang='lat' dir='ltr'><strong>heah·</strong></span> <span class='ocrx_word' id='word_1_212' title='bbox 1466 3314 1789 3436; x_wconf 80' lang='lat' dir='ltr'><strong>-cyninga</strong></span> 
     </span>
     <span class='ocr_line' id='line_1_32' title="bbox 1017 3485 1797 3574; baseline -0.001 -21"><span class='ocrx_word' id='word_1_213' title='bbox 1017 3489 1190 3555; x_wconf 86' lang='lat'>1155</span> <span class='ocrx_word' id='word_1_214' title='bbox 1279 3494 1475 3555; x_wconf 72' lang='lat' dir='ltr'><strong>eorff-</strong></span> <span class='ocrx_word' id='word_1_215' title='bbox 1448 3485 1797 3574; x_wconf 88' lang='lat' dir='ltr'><strong>-cyninges</strong></span> 
     </span>
     <span class='ocr_line' id='line_1_33' title="bbox 1017 3624 1775 3711; baseline -0.008 -16"><span class='ocrx_word' id='word_1_216' title='bbox 1017 3624 1193 3695; x_wconf 88' lang='grc'>2503</span> <span class='ocrx_word' id='word_1_217' title='bbox 1280 3624 1485 3690; x_wconf 82' lang='lat' dir='ltr'><strong>Fres-</strong></span> <span class='ocrx_word' id='word_1_218' title='bbox 1456 3624 1775 3711; x_wconf 87' lang='lat' dir='ltr'><strong>-cyninge</strong></span> 
     </span>
     <span class='ocr_line' id='line_1_34' title="bbox 1020 3761 1831 3849; baseline -0.006 -18"><span class='ocrx_word' id='word_1_219' title='bbox 1020 3763 1196 3831; x_wconf 83' lang='lat'>3094</span> <span class='ocrx_word' id='word_1_220' title='bbox 1283 3761 1503 3846; x_wconf 76' lang='lat' dir='ltr'><strong>peod·</strong></span> <span class='ocrx_word' id='word_1_221' title='bbox 1476 3761 1831 3849; x_wconf 86' lang='lat' dir='ltr'><strong>-oyningas</strong></span> 
     </span>
    </p>
   </div>
   <div class='ocr_carea' id='block_1_11' title="bbox 643 3865 2754 4095">
    <p class='ocr_par' dir='ltr' id='par_1_11' title="bbox 643 3865 2754 4095">
     <span class='ocr_line' id='line_1_35' title="bbox 804 3865 2754 3988; baseline -0.001 -22"><span class='ocrx_word' id='word_1_222' title='bbox 804 3899 973 3967; x_wconf 85' lang='lat' dir='ltr'><strong>Gen.</strong></span> <span class='ocrx_word' id='word_1_223' title='bbox 1065 3899 1196 3969; x_wconf 86' lang='lat'><strong>237</strong></span> <span class='ocrx_word' id='word_1_224' title='bbox 1287 3899 1557 3967; x_wconf 89' lang='lat' dir='ltr'><strong>heofon·</strong></span> <span class='ocrx_word' id='word_1_225' title='bbox 1534 3865 1852 3988; x_wconf 85' lang='lat' dir='ltr'><strong>·cyninge</strong></span> <span class='ocrx_word' id='word_1_226' title='bbox 2725 3910 2754 3977; x_wconf 65' lang='grc' dir='ltr'><strong>ιζ</strong></span> 
     </span>
     <span class='ocr_line' id='line_1_36' title="bbox 643 4009 2204 4095; baseline -0.001 -21"><span class='ocrx_word' id='word_1_227' title='bbox 643 4011 749 4093; x_wconf 87' lang='lat' dir='ltr'><strong>(cf.</strong></span> <span class='ocrx_word' id='word_1_228' title='bbox 782 4011 938 4093; x_wconf 82' lang='lat'><strong>494,</strong></span> <span class='ocrx_word' id='word_1_229' title='bbox 986 4012 1138 4092; x_wconf 86' lang='lat'>505,</span> <span class='ocrx_word' id='word_1_230' title='bbox 1183 4010 1337 4091; x_wconf 85' lang='lat'><strong>659,</strong></span> <span class='ocrx_word' id='word_1_231' title='bbox 1383 4009 1514 4078; x_wconf 88' lang='grc'><strong>666</strong></span> <span class='ocrx_word' id='word_1_232' title='bbox 1561 4020 1629 4075; x_wconf 88' lang='lat' dir='ltr'><strong>et</strong></span> <span class='ocrx_word' id='word_1_233' title='bbox 1672 4012 2204 4095; x_wconf 76' lang='lat' dir='ltr'><strong>multo&#39;saepius)</strong></span> 
     </span>
    </p>
   </div>
  </div>
 </body>
</html>
