2787 4509
1296 195 1374 262 31

508 376 718 436 ceaff.
813 367 1057 433 Phoen.
1101 368 1224 436 361
1294 365 1503 449 purh
1566 365 1743 430 aled
1806 368 1933 452 fyr
1994 367 2231 434 Salom.
2276 369 2397 434 129

509 473 684 537 sled
750 474 1003 538 laetao‘.
1051 509 1134 521 ———

462 593 603 657 aled
653 591 951 656 vocabuli
999 590 1393 677 etymologia
1440 589 1715 653 obscura
1759 598 1891 667 est;
1941 611 2143 673 neque
2182 590 2399 653 -minus

285 697 653 776 obscurum,
699 717 890 779 quam
939 696 1247 760 rationem
1297 693 1534 758 habeat
1578 692 1660 757 ad
1694 691 2081 759 Saxonicam
2128 693 2399 758 formam

288 800 416 863 eld
465 809 558 876 (et
589 823 701 863 an:
751 799 939 880 eldr),
987 821 1180 883 quum
1231 820 1347 882 pro
1393 797 1721 884 anglosax.
1754 796 1931 861 sled
1980 797 2042 860 in
2076 796 2401 864 Saxonica

286 903 565 969 dialecto
637 912 1083 988 exspectemus
1152 901 1349 983 elid,
1426 903 1525 966 vel
1594 900 1773 966 alid.
1878 899 2157 966 Accedit
2223 901 2401 985 quod

289 1007 456 1072 Dan.
493 1009 626 1077 254
669 1007 876 1071 forma
923 1007 1081 1070 alet
1127 1007 1433 1086 occurrit,
1490 1029 1679 1090 quae,
1720 1025 1911 1089 quam
1958 1007 2269 1070 rationem
2315 1005 2399 1072 ad

285 1110 460 1175 aled
519 1109 789 1193 habeat,
857 1133 980 1174 non
1043 1111 1268 1175 melius
1327 1110 1638 1196 intelligo.
1729 1107 1862 1176 Sed
1910 1110 2400 1196 Anglosaxones

287 1213 467 1278 sled
531 1215 709 1278 vocis
763 1213 977 1298 priore
1035 1212 1322 1299 syllaba,
1381 1221 1454 1276 ut
1498 1213 1713 1300 longa,
1760 1233 1911 1277 usos
1959 1235 2133 1294 esse,
2202 1225 2273 1278 ut
2319 1236 2399 1276 ex

285 1341 396 1398 ec,
453 1317 625 1402 quod
683 1317 819 1382 eius
876 1317 1160 1382 brevitas
1215 1338 1527 1400 nusquam
1576 1315 1938 1381 necessario
1984 1315 2401 1402 efflagitatur,

285 1421 380 1485 ita
437 1421 712 1485 maxime
773 1443 852 1484 ex
907 1419 1208 1484 infinitivi
1266 1421 1549 1485 onalan
1597 1421 1805 1485 forma
1852 1421 2021 1500 (Jul.
2058 1422 2221 1498 580)
2265 1421 2401 1486 elu-
2466 1494 2474 1502 .

286 1526 507 1607 cescit,
553 1527 728 1609 quia,
772 1526 828 1590 si
853 1523 1346 1612 Anglosaxones
1390 1524 1685 1588 infinitivi
1717 1524 1889 1588 illius
1920 1525 2401 1609 paenultimam,

290 1639 358 1694 ut
389 1629 676 1712 brevem,
716 1631 1086 1711 sensissent,
1131 1629 1270 1692 fieri
1301 1651 1426 1693 non
1462 1639 1703 1712 posset,
1746 1629 1899 1713 quin
1928 1629 2136 1694 forma
2180 1631 2401 1694 onal-

276 1737 418 1819 jan
479 1741 590 1798 aut
644 1732 964 1797 onallan
1025 1732 1425 1818 procederet.
1521 1729 1825 1798 Ceterum
1883 1733 2025 1819 ipso
2085 1742 2288 1798 metro
2333 1734 2399 1797 in

199 1895 208 1903 ·
285 1869 416 1965 Jul.
451 1873 582 1940 580
641 1850 737 1936 {d
797 1838 1090 1940 onalan
1149 1871 1638 1937 commendatur
1698 1872 1891 1958 longa
1944 1871 2233 1958 syllabae
2281 1873 2401 1936 al-

289 1999 602 2042 mensura.
681 1977 766 2042 cf.
822 1999 888 2061 p.
933 1978 1036 2042 25.
1131 1973 1390 2058 Quibus
1466 1973 1765 2040 omnibus
1834 1974 2147 2059 respectis
2209 1975 2401 2040 facile

289 2079 705 2162 adducimur,
786 2090 858 2143 ut
925 2088 994 2144 et
1057 2078 1266 2162 aled,
1346 2079 1550 2162 alet,
1624 2077 1742 2145 eld
1814 2076 2249 2162 substantiva,
2338 2090 2403 2146 et

287 2185 484 2251 verba
529 2185 743 2268 alan,
802 2185 1128 2267 onalan,
1188 2185 1454 2250 inalan
1500 2207 1627 2250 non
1672 2184 2046 2272 germanico
2090 2205 2231 2249 esse
2275 2185 2403 2256 ori-

288 2292 436 2377 gine
483 2311 881 2370 censeamus,
941 2290 1055 2355 sed
1103 2312 1182 2355 ex
1228 2290 1444 2355 aliena
1488 2290 1707 2375 aliqua
1748 2290 1971 2375 lingua
2012 2288 2077 2353 in
2126 2288 2403 2357 Germa-

291 2394 502 2459 nicam
548 2393 761 2472 illata3
810 2392 981 2477 quod
1027 2394 1081 2459 si
1128 2403 1304 2459 recte
1351 2416 1390 2457 a
1437 2417 1537 2460 me
1583 2394 1957 2459 conclusum
2004 2406 2125 2476 est,
2170 2416 2249 2459 ne
2293 2416 2401 2460 co-

161 2542 165 2547 ·
290 2498 501 2584 gimur
531 2496 814 2583 quidem,
859 2508 931 2564 ut
960 2522 1080 2584 pro
1127 2498 1301 2563 sled
1350 2500 1711 2564 scribamus
1742 2497 1965 2579 aeled,
2011 2520 2398 2583 quamquam

284 2602 562 2669 sensisse
590 2603 1090 2689 Anglosaxones
1123 2604 1405 2688 priorem
1438 2602 1775 2690 syllabam,
1822 2612 1893 2667 ut
1923 2601 2205 2694 longam,
2249 2625 2402 2669 con·

289 2704 642 2772 cedendum
691 2720 808 2771 est.

379 2848 500 2930 ιι)
547 2846 717 2915 cen,
767 2845 928 2915 1811
995 2820 1254 2935 pr'age
1307 2814 1591 2915 sissia
1666 2846 1869 2911 Andr.
1921 2846 2089 2915 1600
2146 2858 2401 2935 praga

551 2949 904 3035 hnagran
955 2949 1052 3013 El.
1093 2951 1264 3019 1239
1309 2962 1651 3036 pragum
1696 2949 2141 3034 preodude..

463 3082 562 3149 Ut
619 3084 832 3149 nullus
887 3093 1170 3151 totorum
1233 3085 1589 3149 carminum
1650 3107 1870 3150 vorsus
1914 3096 2165 3173 prage
2221 3087 2401 3152 vocis

288 3190 564 3273 priorem
623 3188 936 3274 syllabam
993 3188 1255 3254 brevem
1315 3188 1561 3274 poscit,
1615 3190 1709 3252 ita·
1764 3210 1901 3251 eam
1958 3188 2214 3275 longam
2262 3210 2403 3256 esse

287 3292 645 3358 certissime
706 3292 922 3356 evenit
977 3314 1012 3357 e
1059 3293 1441 3358 nominativi
1496 3293 1705 3357 forma
1747 3302 1955 3379 prag
2008 3292 2111 3357 vel
2166 3293 2401 3377 prah,

289 3397 526 3483 quippe
585 3416 750 3480 quae
807 3396 863 3461 si
921 3394 1225 3462 radicalis
1283 3396 1537 3482 syllaba
1592 3406 1765 3461 esset
1824 3396 2071 3480 brevis,
2143 3408 2405 3486 pragu

287 3523 412 3565 uon
470 3521 612 3564 esse
667 3522 792 3564 non
852 3510 1103 3586 posset,
1163 3501 1361 3582 sicut,
1424 3500 1601 3587 gifu
1646 3508 1764 3565 etc.
1860 3500 2171 3584 Accedit,
2228 3502 2403 3587 quod

287 3602 550 3670 Raetsel
598 3605 726 3671 203
773 3604 1060 3670 occurrit
1105 3603 1462 3669 infinitivus
1505 3611 1814 3691 pragan
1848 3608 2179 3690 (currere),
2221 3607 2404 3673 euius

285 3718 352 3774 et
393 3710 602 3795 ipsius
649 3708 917 3793 stirpem
954 3706 1451 3797 Anglosaxones
1496 3710 1773 3776 sensisse
1810 3721 1882 3775 nt
1912 3712 2170 3798 longam
2198 3712 2406 3778 forma

285 3835 404 3879 sua
448 3812 702 3899 prodit,
773 3833 940 3896 quae
983 3824 1132 3898 pre
1151 3835 1352 3902 cgan
1408 3814 1827 3901 procederet,
1894 3815 1948 3880 si
1994 3816 2193 3902 stirps
2235 3826 2407 3882 esset

287 3917 536 4000 brevis,
605 3917 775 3982 sicut
826 3916 1135 4005 lecgan.
1228 3918 1451 4002 Quum
1502 3928 1717 3986 tamen
1763 3928 2077 4008 pragan
2136 3921 2405 3988 verbum

285 4020 609 4108 pertineat
666 4018 748 4084 ad
803 4019 1135 4108 gothicum
1198 4023 1462 4087 verbum
1518 4025 1854 4110 pragjan
1914 4023 2226 4089 confiteor
2280 4046 2404 4095 me,
