2787 4509
1334 182 1420 250 35

311 358 406 437 (et
451 355 532 420 cf.
571 353 762 436 1881,
813 355 1012 436 2453,
1057 354 1259 440 2846)
1302 356 1540 420 formas
1592 358 1895 444 vilnjan
1942 371 2065 426 etc.
2116 385 2232 447 pro
2286 363 2439 427 vi}-

310 460 598 545 nigean
647 470 771 524 etc.
821 457 1050 524 cedere
1094 459 1262 526 infra
1307 482 1645 545 exponam.

489 575 750 662 Quibus
815 579 1112 645 omnibus
1182 580 1497 645 absolutis
1556 591 1803 646 restant
1862 606 2189 668 perpauca
2248 596 2314 650 et
2371 587 2440 652 in

315 681 521 750 Beov.
567 694 635 747 et
681 683 749 746 in
795 683 1015 769 genesi
1064 682 1507 762 hemistichia,
1552 683 1615 746 in
1665 685 1935 768 quibus,
1984 711 2180 771 quum
2229 689 2435 755 tribus

307 787 562 853 arsibus
621 797 917 870 utantur,
979 810 1096 873 pro
1157 797 1388 871 quarta
1447 787 1646 854 thesis
1707 802 2009 856 occurrat
2066 792 2193 858 alia
2240 808 2434 879 atque

305 890 597 976 praefixo
648 891 744 956 vel
796 892 1134 976 proclitico
1179 891 1431 978 syllaba
1472 893 1747 978 expleta.
1818 893 2137 979 Quorum,
2185 910 2257 962 ut
2291 899 2433 982 plu·-

307 997 506 1061 rimos
551 995 962 1060 emendemus
1007 995 1203 1061 certis
1250 999 1463 1062 causis
1510 997 1914 1064 adducimur.

485 1113 656 1180 Nam
705 1114 786 1180 ad
837 1116 1034 1182 Beov.
1085 1140 1142 1180 v.
1179 1112 1397 1183 271411
1437 1119 1610 1203 jam,
1670 1109 2043 1203 priusquam
2089 1119 2254 1187 hanc
2302 1143 2433 1186 me·

312 1217 544 1283 tricam
614 1219 1055 1302 quaestionem
1115 1219 1307 1302 inivi,
1384 1220 1768 1305 exemplaris
1828 1223 1954 1286 mei
2013 1221 2081 1287 in
2142 1223 2431 1311 margine

308 1345 428 1406 pro
475 1314 854 1389 bea'loniff
893 1323 1095 1387 veoll
1143 1324 1529 1408 scripseram
1576 1323 2003 1392 bealoniffe
2051 1326 2291 1406 veoll;

486 1442 638 1509 Non
689 1443 856 1508 enim
909 1445 1142 1510 bonam
1189 1445 1578 1536 sententiam
1624 1445 1941 1530 praebent
1986 1445 2212 1512 verba:

401 1572 498 1613 on
547 1549 954 1615 breostum
1014 1548 1400 1616 bealoniff
1446 1551 1654 1615 veoll
1700 1553 1920 1616 attor
1964 1575 2059 1618 on
2103 1553 2342 1618 innan

306 1653 415 1719 ubi
477 1653 568 1718 be
585 1653 866 1720 aloni&
870 1702 889 1737 ‚
960 1653 1202 1740 quippe
1247 1655 1349 1718 cui
1383 1657 1423 1718 a
1449 1663 1613 1720 ttor
1672 1647 2098 1741 appositionis
2138 1657 2281 1724 loco
2315 1658 2428 1725 ad-

295 1759 543 1843 jectum
573 1755 681 1839 sit,
725 1757 962 1821 nullam
997 1756 1115 1821 nisi
1157 1756 1521 1844 generalem
1555 1758 1866 1842 perniciei
1890 1758 2423 1846 significationem

305 1861 543 1926 habere
578 1861 819 1946 possit3
867 1860 1037 1948 quod
1071 1861 1207 1925 fieri
1241 1883 1433 1946 posse
1464 1883 1629 1948 nego
1663 1872 1857 1946 atque
1888 1885 2193 1952 perneg0‚
2225 1887 2422 1950 quum

300 1967 464 2046 nio,
510 1963 880 2048 ubicunque
926 1965 1232 2046 occurrit,
1280 1965 1605 2051 significet
1650 1965 2255 2033 contentionem
2302 1970 2421 2032 vel

305 2066 684 2154 impetum
719 2077 830 2132 aut
861 2066 1128 2133 odium
1174 2067 1294 2133 vel
1337 2067 1879 2141 inimicitiam.
1940 2068 2152 2152 Quam
2179 2071 2263 2138 ob
2288 2095 2422 2138 rem

301 2172 355 2237 si
425 2191 547 2257 pro
617 2172 1014 2236 nominativo
1072 2172 1463 2240 bealoniff
1513 2173 1784 2262 legimus
1842 2174 2269 2246 bealoniffe
2326 2176 2423 2243 in-

307 2276 814 2358 strumentalem,
858 2279 1180 2343 sententia
1225 2279 1525 2363 procedit
1568 2279 1728 2344 satis
1776 2278 1976 2345 bona:
2028 2279 2163 2363 „Es
2210 2281 2422 2347 wallte

304 2382 366 2443 in
414 2382 624 2445 seiner
669 2380 866 2447 Brust
910 2381 1026 2447 das
1074 2381 1218 2447 Gist
1265 2383 1378 2446 mit
1423 2382 1903 2449 verderblicher
1936 2384 2421 2451 Feindschast.“

309 2493 376 2547 et
421 2484 503 2548 cf.
553 2483 632 2547 Β.
665 2486 868 2553 2404:

433 2602 670 2669 hafde
727 2608 835 2690 pa
891 2607 1286 2694 gefrunen
1345 2605 1652 2671 hvanan
1712 2606 1836 2672 sio
1893 2606 2139 2673 sach&
2200 2612 2419 2689 aras,

601 2708 990 2775 bealonid
1037 2708 1337 2777 biorna.
1385 2711 1496 2792 (cf.
1546 2707 1743 2777 Geel.
1782 2710 1957 2795 781).

477 2826 622 2892 Nec
668 2830 878 2893 minus
927 2839 1271 2915 corruptus
1324 2830 1580 2895 videtur
1625 2829 1793 2898 Gen.
1841 2854 1895 2897 v.
1932 2830 2142 2901 23201·

957 2934 1133 3019 ymb
1179 2935 1465 3001 seofon
1514 2933 1727 3017 niht,

298 3034 439 3118 ubi,
488 3058 645 3119 non,
705 3046 777 3100 ut
825 3048 1061 3123 „post
1107 3048 1413 3123 septem
1462 3047 1745 3103 noctes
1768 3043 1801 3076 “
1822 3086 1841 3119 ‚
1901 3036 2017 3105 sed
2063 3048 2136 3103 ut
2182 3048 2420 3126 „post

296 3162 328 3205 s
343 3162 378 3205 e
392 3164 434 3226 p
447 3149 476 3204 t
491 3162 524 3204 e
538 3164 575 3204 n
591 3162 671 3207 as
703 3163 742 3204 n
757 3163 798 3205 o
811 3162 848 3204 c
863 3150 892 3205 t
905 3163 939 3205 e
952 3162 984 3207 s
1003 3144 1038 3179 “
1076 3142 1288 3207 verbis
1321 3143 1742 3227 exprimatur,
1772 3143 2232 3230 cogitationem
2266 3164 2418 3211 con-

297 3264 498 3308 nexus
551 3242 886 3330 efflagitat.
984 3243 1073 3307 Et
1132 3267 1329 3329 quum
1389 3244 1535 3312 Seel
1586 3247 1706 3312 10·
1762 3244 2252 3311 *hemistichium
2310 3268 2417 3311 oc-

299 3357 549 3411 currat:
717 3428 722 3434 ,
1622 3354 1627 3358 “

787 3474 870 3537 sy
892 3451 1098 3515 mble
1145 3451 1369 3538 ymbe
1416 3452 1688 3516 seofon
1739 3441 1921 3518 niht

295 3552 486 3617 etiam
547 3561 770 3619 nostro
828 3554 974 3621 loco
1032 3576 1063 3620 s
1077 3579 1120 3641 y
1135 3576 1194 3619 m
1213 3554 1252 3619 b
1269 3555 1290 3618 l
1307 3576 1341 3618 e
1401 3552 1809 3619 adiciendum
1858 3578 1999 3622 esse
2043 3566 2223 3643 puto.
2329 3555 2413 3638 (E

293 3657 500 3722 tribus
547 3658 972 3724 alliteratione
1005 3659 1367 3727 coniunctis
1399 3659 1669 3725 vocibus
1698 3682 1828 3725 una
1870 3682 2181 3746 oppressa.
2211 3670 2327 3725 est.

363 3870 376 3891 ι
473 3776 672 3841 Beov.
699 3776 873 3895 '3131
911 3776 1222 3895 Grreinius
1265 3778 1329 3842 in
1363 3778 1657 3846 biblioth.
1690 3780 1933 3866 anglos.
1966 3780 2045 3844 Β.
2087 3782 2113 3845 1
2153 3779 2415 3844 exhibet

295 3898 583 3964 voruld
641 3901 990 3989 cyninga
1049 3903 1168 3983 (cf.
1229 3904 1286 3987 ξ.
1318 3903 1420 3986 cl),
1486 3900 1555 3967 id
1615 3902 1789 3987 quod
1852 3901 2289 3969 Thorkelinus
2345 3904 2412 3967 in

290 4003 730 4089 manuscripto
775 4004 1052 4092 legerat3
1100 4014 1170 4069 >at
1198 4006 1263 4069 in
1298 4006 1566 4090 speciali
1592 4004 1788 4071 Βεεὸν.
1816 4004 2097 4071 editione
2119 4004 2412 4073 Grundt-

1934 4116 1961 4161 3
1983 4113 2009 4141 ι.
