2787 4509
1307 186 1344 254 9

417 363 518 428 Ac
549 362 826 448 primum
857 359 1120 446 quidem
1149 359 1216 423 in
1247 357 2069 448 evang.Harm.Saxonica
2096 356 2387 440 eandem,

268 485 460 549 quam
515 464 579 530 in
627 463 988 550 Anglosax.
1049 459 1445 528 carminibus
1512 458 2041 527 consuetudinem
2097 481 2389 548 regnare,

267 589 407 654 cap.
435 567 522 633 11.
567 565 1049 634 demonstrabo.
1137 564 1308 631 Tum
1353 565 1419 629 in
1466 567 1775 649 carmine,
1820 565 2005 632 cuius
2033 564 2264 631 titulus
2289 572 2391 629 est

269 699 678 792 „Muspilli“,
723 710 1041 791 apparent
1071 723 1327 769 versus:
1360 703 1467 771 20.
1502 676 1771 770 Kerno
1803 675 1991 770 tuoe
2020 705 2129 772 21.
2158 674 2389 768 harto

267 817 459 910 wisc
549 839 656 912 5'4.
703 815 929 908 m'ano
985 813 1254 924 vellit,
1325 862 1488 925 quos
1547 839 1983 908 emendandos
2028 861 2171 908 esse
2210 839 2389 906 Mul-

265 945 609 1012 lenhoffius
665 945 733 1010 in
791 944 1010 1012 libello
1065 965 1185 1010 suo
1243 943 1324 1010 de
1383 966 1586 1013 carm.
1634 943 2143 1012 Wessofontano
2186 965 2257 1030 p.
2308 945 2390 1010 14

270 1049 540 1116 censuit.
631 1051 876 1115 Tamen
921 1049 1140 1115 nescio
1187 1069 1268 1113 an
1313 1059 1378 1114 et
1408 1048 1941 1136 Anglosaxonum
1986 1058 2054 1114 et
2096 1057 2389 1114 veterum

272 1152 602 1220 Saxonum
649 1175 950 1220 versuum
979 1151 1344 1240 analogiam
1374 1152 1587 1239 magis
1616 1151 2013 1237 sequendum
2044 1151 2152 1236 sit,
2197 1173 2388 1235 quam

272 1278 456 1323 usum
504 1254 778 1323 otfridi:
838 1256 943 1322 eui
1002 1278 1201 1342 quum
1244 1255 1310 1319 in
1357 1255 1502 1322 aliis
1548 1277 1803 1341 quoque
1852 1276 2181 1343 „pressam
2226 1255 2391 1319 anti-

270 1381 539 1443 quorum
567 1359 1047 1445 simplicitatem
1079 1359 1273 1424 citius
1303 1359 1635 1442 reliquerit
1663 1359 2099 1442 maioremque
2119 1345 2391 1440 numeri,

270 1463 792 1548 aequabilitatem
849 1461 1318 1530 adfectaverit“
1376 1463 1572 1528 etiam
1631 1462 1801 1529 hanc
1860 1483 2086 1529 versus
2130 1483 2393 1549 compo-

271 1567 464 1634 nendi
522 1567 904 1633 brevitatem
961 1566 1331 1633 offensionis
1387 1567 1630 1651 aliquid
1676 1566 1981 1633 habuisse
2023 1566 2213 1633 facile
2256 1588 2394 1634 cre·

269 1671 406 1738 das.
513 1669 712 1755 Quod
767 1670 1013 1737 factum
1072 1691 1212 1736 esse
1268 1670 1569 1754 equidem
1629 1670 1986 1737 certissime
2044 1692 2394 1753 censerem,

271 1777 396 1842 nisi
439 1797 541 1840 me
585 1775 712 1840 hoc
757 1773 1058 1840 redderet
1104 1774 1483 1858 cautiorem,
1527 1773 1725 1858 quod,
1768 1785 1843 1840 ut
1888 1774 2081 1840 modo
2126 1774 2391 1840 demon-

273 1881 507 1962 stravi,
564 1879 826 1944 licentia
880 1879 1024 1962 illa,
1079 1889 1151 1944 ut
1203 1877 1628 1945 substantivis
1675 1889 1741 1944 et
1785 1879 2128 1966 adjectivis
2172 1892 2239 1944 et
2279 1879 2395 1945 ad·

273 1983 546 2066 verbiis,
588 1984 684 2048 ita
727 2004 844 2048 nec
890 1981 1257 2048 verbalibus
1301 1982 1528 2048 formis
1574 2003 1693 2046 nec
1740 1981 2075 2052 vocabulis
2120 1984 2258 2051 nef
2266 2004 2393 2066 ne,

271 2094 379 2153 off
391 2093 442 2154 ff
447 2109 518 2167 e,
593 2095 860 2170 ponne
927 2096 1050 2151 etc.
1132 2085 1527 2153 conceditur.
1638 2084 1837 2168 Quod
1901 2107 2100 2170 quum
2166 2085 2396 2152 eodem
2518 2118 2528 2126 ·

277 2190 472 2256 modo
517 2188 585 2254 in
631 2187 958 2257 Saxonico
1002 2199 1306 2277 poemate
1351 2211 1425 2256 se
1469 2188 1729 2273 habeat,
1792 2190 2057 2256 licentia
2099 2191 2397 2277 profecta

273 2295 530 2361 videtur
571 2320 611 2360 a
653 2296 877 2361 formis
907 2295 1262 2380 antiquitus
1306 2296 1569 2361 ultimas
1608 2294 1893 2381 syllabas
1935 2295 2395 2382 praebentibus

273 2400 535 2486 longas,
579 2398 814 2464 deinde
857 2408 1120 2465 extenta
1164 2421 1305 2465 esse
1351 2398 1437 2463 ad
1482 2399 1641 2467 alias
1687 2421 1977 2484 quoque,
2022 2421 2221 2484 quae,
2265 2421 2395 2484 quo

273 2500 508 2568 habitu
573 2512 792 2585 erant,
858 2524 1080 2568 earum
1151 2502 1512 2589 analogiam
1579 2502 1885 2568 facillime
1952 2514 2391 2593 sequerentur.

281 2605 396 2675 Sic
455 2627 645 2671 casus
701 2606 769 2671 in
827 2606 1085 2673 brevem
1142 2605 1459 2693 syllabam
1506 2606 1875 2673 desinentes
1917 2606 1985 2671 in
2030 2607 2395 2695 analogiam

277 2732 542 2777 casuum
588 2710 943 2794 antiquitus
987 2710 1054 2775 in
1099 2709 1362 2797 longam
1406 2709 1723 2797 syllabam
1774 2710 2239 2793 desinentium,
2282 2711 2398 2778 ad-

282 2812 507 2879 verbia
549 2835 784 2899 uppe,
829 2816 997 2897 ute,
1043 2814 1226 2878 aefre
1272 2814 1495 2897 inne,
1540 2818 1729 2879 sona
1772 2816 1838 2878 in
1886 2814 2247 2901 analogiam
2283 2813 2397 2881 ad-

278 2918 646 2984 verbiorum
680 2918 1040 3003 antiquitus
1069 2917 1137 2982 in
1183 2920 1224 2983 ὀ
1259 2917 1683 2983 desinentium
1716 2916 2030 2983 cecidisse
2062 2920 2221 2984 satis
2246 2942 2399 3005 pro-

276 3020 490 3088 babile
547 3032 666 3086 est.
759 3023 855 3086 At
910 3020 1253 3086 verborum
1309 3044 1425 3086 eae
1478 3022 1753 3102 formae,
1819 3042 1983 3105 quae
2042 3022 2399 3107 antiquitus

277 3125 732 3191 clauderentur
762 3124 958 3211 longa
989 3123 1262 3211 syllaba,
1293 3124 1497 3190 multo
1528 3124 1865 3211 pauciores
1893 3124 2151 3190 fuerunt
2172 3136 2401 3190 contra

285 3252 584 3318 magnam
641 3229 816 3294 brevi
877 3229 1128 3315 syllaba
1170 3229 1539 3296 clausarum
1584 3229 1873 3313 copiam,
1918 3250 2112 3313 quam
2156 3237 2233 3294 ut
2276 3228 2400 3295 hae

277 3334 342 3397 in
384 3333 636 3399 illarum
683 3331 1051 3419 analogiam
1097 3332 1333 3398 cadere
1377 3341 1662 3418 possent.
1715 3370 1793 3379 -

459 3466 764 3533 Ceterum
822 3489 1002 3550 cave,
1047 3488 1126 3531 ne
1173 3488 1397 3533 versus
1442 3467 1524 3532 de
1568 3464 1800 3552 quibus
1840 3464 1963 3531 hac
1989 3467 2403 3555 paragrapho

285 3571 742 3653 disseruimus,
785 3594 912 3637 non
971 3581 1250 3658 quatuor
1304 3570 1420 3637 sed
1466 3581 1597 3637 tres
1643 3571 1812 3636 ictus
1860 3570 2097 3638 babere
2141 3571 2398 3652 credas3

282 3697 447 3760 quae
505 3675 825 3741 sententia
883 3697 1078 3761 quam
1135 3676 1298 3741 falsa
1354 3675 1475 3757 sit,
1531 3683 1607 3740 ut
1651 3696 1733 3739 ex
1776 3696 1852 3740 eo
1896 3675 2074 3761 ipsc,
2120 3673 2293 3759 quod
2338 3684 2404 3739 et

281 3779 576 3846 verbales
619 3780 864 3845 formae
910 3791 976 3845 et
1006 3779 1324 3845 vocabula
1368 3780 1511 3845 nef
1516 3802 1643 3863 ne,
1687 3787 1844 3846 off&
1851 3802 1885 3843 e
1932 3788 2057 3845 etc.
2104 3777 2403 3844 licentiae

280 3883 375 3950 illi
421 3907 549 3950 non
593 3883 868 3966 cedunt,
925 3884 1020 3949 ita
1065 3884 1423 3951 certissime
1471 3908 1551 3950 ex
1597 3906 1675 3949 eo
1720 3894 1933 3970 patet,
1993 3882 2167 3967 quod
2212 3904 2406 3951 voca-

281 3988 538 4069 bulum,
601 3987 781 4053 cuius
829 3986 1078 4072 syllaba
1122 3986 1423 4053 radicalis
1471 3988 1689 4053 brevis
1734 3987 1854 4069 sit,
1912 3988 2008 4053 sic
2052 4009 2178 4052 non
2222 4009 2408 4053 usur-
