2787 4509
369 320 726 384 mutatione
785 317 1018 384 scribis
1073 317 1471 406 geheolde
1530 327 1703 384 recte
1762 321 2201 386 conformatus
2246 321 2483 387 evadat

373 421 491 504 (cf.
531 423 706 506 55).
797 421 882 487 V.
933 422 1099 490 131·
1153 429 1368 488 autem
1428 421 1766 507 (polode
1821 425 2284 511 pryffsvyff)
2341 447 2483 490 ver-

370 523 470 590 bis
511 525 924 612 transpositis
967 525 1360 592 emendatur.
1454 525 1703 592 Tamen
1748 527 1973 594 nescio
2020 549 2101 590 an
2146 527 2213 592 hi
2262 549 2485 594 versus

366 626 612 694 ferendi
667 630 798 695 sint
841 639 1188 717 propterea
1233 627 1408 714 quod
1454 651 1678 696 omnes
1721 629 1787 694 in
1834 631 2298 697 recentioribus
2343 653 2485 698 car-

367 731 557 798 minis
599 733 890 818 pat-tibus
933 734 1234 822 leguntur
1279 733 1388 817 (cf.
1436 729 1521 798 Η.
1572 733 1647 802 Ζ,
1698 734 1917 818 1869.)

539 835 616 900 In
677 835 918 904 Genesi
987 836 1156 903 enim
1215 833 1701 902 Caedmoniana
1771 840 1909 904 eius
1980 838 2235 924 generis
2297 838 2482 924 plura

371 949 712 1024 apparent:

1019 1077 1184 1148 114¹»
1232 1051 1357 1143 a'nd
1404 1052 1563 1145 lisa&
1607 1053 1724 1145 her

978 1220 1146 1284 1175
1239 1190 1434 1284 Lissa
1479 1191 1703 1286 sissia

976 1345 1186 1424 155912
1232 1329 1421 1424 sdhte
1462 1332 1703 1445 geor-ne

981 1492 1188 1564 1931*-
1238 1469 1495 1562 vn'mode
1540 1469 1765 1564 siffian

970 1634 1145 1700 2220
1233 1606 1443 1700 moste
1486 1606 1681 1718 pinre

970 1772 1144 1840 2342
1235 1744 1409 1837 viste
1450 1745 1691 1858 ge‘arve

967 1907 1182 1979 2495*
1231 1884 1501 1996 stjrnde
1544 1885 1727 1978 sviffe

367 2064 529 2128 quos
585 2064 810 2109 versus
863 2045 1192 2111 emendari
1248 2046 1390 2132 ipse
1437 2067 1741 2111 numerus
1784 2067 2007 2111 eorum
2054 2055 2253 2130 vetat,
2298 2069 2487 2132 prae-

363 2147 583 2212 sertim
630 2169 826 2232 quum
875 2171 953 2213 ne
997 2149 1187 2215 facile
1231 2149 1492 2234 quidem
1538 2148 1865 2215 emendari
1907 2149 2182 2236 possint,
2254 2150 2491 2236 Itaque

367 2275 406 2317 a
462 2248 836 2318 Caedmone
891 2252 1146 2338 quidem
1196 2254 1356 2342 legis
1414 2257 1821 2323 severitatem
1868 2258 2009 2341 jam
2062 2256 2327 2342 paulum
2384 2279 2483 2321 re-

367 2356 629 2421 missam
688 2376 830 2422 esse
887 2356 1279 2423 credendum
1339 2368 1457 2424 est.
1562 2357 1761 2441 Quod
1808 2370 2022 2423 autem
2069 2358 2153 2423 ad
2200 2383 2262 2425 v.
2310 2361 2475 2427 2761

368 2458 640 2543 (hafde
698 2460 1121 2546 vordbeot)
1179 2463 1445 2543 attinet,
1527 2465 1593 2527 in
1656 2485 1733 2526 eo
1795 2462 2137 2528 verborum
2192 2462 2483 2528 ordinem

364 2562 811 2629 invertendum
881 2585 1023 2629 esse
1081 2564 1208 2629 alia
1263 2588 1342 2629 ex
1404 2586 1603 2629 causa
1659 2564 1965 2631 elucescit
2024 2566 2133 2649 (cf.
2177 2568 2239 2651 ξ.
2282 2567 2371 2651 8).
2398 2604 2485 2615 —

365 2666 444 2731 In
511 2666 742 2733 ceteris
797 2668 1186 2733 carminibus
1241 2690 1573 2753 perpauca
1629 2666 1817 2735 huius
1876 2671 2131 2757 generis
2184 2671 2481 2757 exempla

366 2770 525 2857 legi:

667 2910 1079 2978 Andr.1413
1172 2882 1298 2974 {md
1347 2883 1567 2976 eva'ede]
1613 2883 1746 2995 pas

957 3051 1089 3116 474
1177 3020 1238 3113 {0
1282 3020 1436 3113 v'ine]
1477 3023 1573 3135 pe:

771 3184 906 3250 sul.
999 3186 1084 3253 29
1179 3159 1395 3274 baga&
1437 3162 1677 3274 geom&

675 3300 740 3355 et
786 3286 901 3354 Cri
951 3289 1082 3357 310
1131 3289 1334 3355 vende
1379 3298 1563 3357 sviffe

364 3448 494 3511 quo
523 3425 589 3489 in
622 3446 810 3490 versu
853 3436 1002 3510 post
1049 3424 1300 3489 vende
1346 3426 1747 3511 supplendus
1778 3436 1877 3491 est
1906 3425 2341 3491 nominativus
2374 3426 2481 3492 be.

362 3526 518 3593 Jam
557 3526 693 3591 fieri
744 3549 868 3591 non
911 3538 1150 3612 potest,
1196 3528 1348 3612 quin
1381 3551 1787 3614 quaeramus,
1833 3538 2046 3593 utrum
2077 3526 2487 3604 Otfridianus

366 3654 554 3713 usus,
610 3652 738 3715 quo
793 3630 970 3697 brevi
1017 3631 1305 3718 syllabae
1352 3633 1605 3699 minore
1646 3642 1920 3699 accentu
1965 3634 2355 3716 instructae,
2410 3643 2487 3698 ut

365 3735 524 3799 ictui
585 3734 897 3817 sufficiat,
954 3736 1220 3801 alteram
1283 3759 1550 3825 gravem
1605 3735 1955 3802 succedere
2012 3746 2343 3825 oporteat,
2401 3758 2484 3801 an

369 3838 904 3925 Anglosaxonum
960 3840 1337 3926 principalis
1392 3840 1477 3905 sit
1536 3850 1601 3905 et
1645 3864 1685 3907 a
1730 3838 2093 3907 veterrimis
2139 3839 2485 3907 Germanis

365 3939 710 4009 adhibitus.
