2787 4509
1385 211 1471 274 40

373 385 689 472 efflagitat
745 387 835 470 (§.
877 384 980 467 8).
1079 383 1509 450 Redueendas
1568 391 1783 446 autem
1840 405 1979 447 esse
2042 391 2199 467 puto
2252 384 2499 447 formas

371 493 763 575 seeavjan
822 498 890 552 et
945 488 1435 575 seeavigean
1491 486 1575 552 ad
1620 487 2019 570 antiquiores
2060 490 2497 573 seeavojan

372 601 491 659 ete.
551 615 718 677 quae
777 601 1036 659 exstant
1077 593 1144 661 in
1201 591 1499 680 evangel.
1538 590 1877 656 harmonia
1932 593 2257 657 saxonica.
2302 601 2371 657 et
2414 593 2499 654 ef.

373 731 714 796 saxonicos
759 751 1018 796 versus:
1066 707 1166 816 up
1214 697 1529 817 si‘ffdjan
1576 742 1701 794 ete.
1738 733 1903 814 (cap.
1937 728 2007 794 ΙΙ
2038 731 2098 814 §.
2126 731 2214 812 3).

546 833 855 901 Ceterum
899 858 1001 917 ne,
1049 833 1202 918 quid
1253 832 1481 914 velim,
1524 833 1820 919 ignores,
1876 855 2282 918 nequaquam
2333 846 2497 919 puto

371 973 740 1060 trisyllabas
785 975 1026 1038 formas
1070 939 1562 1060 seeavigean
1608 981 1731 1038 etc.
1777 972 1843 1036 in
1890 972 2071 1038 libris
2115 973 2497 1039 scribendas

372 1097 513 1142 esse
557 1100 764 1162 neque
811 1079 1015 1164 magis
1061 1076 1473 1142 disolvendas
1520 1098 1659 1142 esse
1705 1076 1945 1161 ubique
1975 1087 2343 1143 contractas
2364 1077 2499 1142 for-

372 1203 547 1264 mae,
600 1192 672 1245 ut
730 1182 892 1248 heau
950 1192 1072 1247 ete.
1133 1181 1246 1245 sed
1305 1181 1521 1268 potius
1580 1179 2029 1268 agnoscendas
2076 1202 2215 1246 esse
2261 1203 2497 1246 censeo

370 1286 662 1352 licentias
706 1287 1042 1368 metricas,
1088 1308 1252 1369 quae
1298 1295 1513 1350 tamen
1559 1285 1962 1350 manaverint
2008 1308 2087 1350 ex
2130 1285 2500 1369 antiquiore

372 1389 628 1476 linguae
673 1401 881 1456 statu:
941 1387 1210 1476 proinde
1257 1411 1335 1454 ae
1379 1389 1445 1453 in
1492 1387 1858 1454 Homericis
1899 1389 2219 1475 poematis
2265 1410 2495 1454 conso·

375 1503 569 1558 nante
620 1517 657 1557 v
703 1503 770 1557 et
825 1493 968 1558 aliis
1012 1494 1342 1578 oppressis
1403 1502 1585 1556 ortae
1629 1501 1781 1556 sunt
1823 1491 2125 1576 licentiae
2170 1491 2491 1578 quaedam

377 1597 700 1662 metricae.
754 1637 830 1647 —

546 1701 699 1766 Jam
757 1698 928 1785 quod
988 1699 1070 1764 ad
1120 1699 1286 1765 Gen.
1341 1723 1392 1763 v,
1438 1701 1649 1768 1413·
1715 1700 2027 1788 (lytligan
2076 1699 2193 1784 eft)
2239 1700 2495 1780 attinet,

375 1817 586 1870 utrum
650 1804 987 1871 verborum
1049 1803 1209 1870 ordo
1277 1804 1730 1886 invertendum,
1814 1827 1893 1869 an
1965 1804 2179 1870 medio
2238 1825 2495 1888 quoque

373 1949 560 1992 versu
606 1927 1012 1994 accentuatio
1058 1927 1076 1992 l
1091 1895 1402 2014 y'tligan
1450 1926 1756 2012 patienda
1800 1929 1885 1993 sit
1902 1976 1923 2009 ,
1982 1928 2325 1994 decernere
2366 1949 2493 1992 non

273 2104 282 2111 ,
373 2030 596 2096 audeo.
647 2070 730 2078 ——

549 2133 758 2200 Venio
804 2133 889 2199 ad
935 2132 1110 2200 aliud
1143 2133 1470 2218 quoddam
1518 2157 1745 2220 genus,
1792 2136 1975 2201 euius
2005 2134 2147 2200 hice
2178 2136 2245 2199 in
2272 2135 2495 2221 genesi

373 2261 596 2307 versus
641 2250 960 2325 apparent
1592 2225 1602 2230 “

893 2369 951 2407 v·
991 2346 1154 2413 1241
1251 2347 1407 2410 &der
1450 2342 1661 2409 Cham

987 2449 1154 2517 1623
1245 2449 1344 2511 far
1390 2448 1573 2513 Noes

980 2555 1146 2620 1423
1239 2576 1390 2619 earo
1436 2552 1615 2619 Noes

986 2657 1146 2724 1551
1245 2656 1398 2723 Sem
1448 2656 1576 2721 and
1622 2655 1831 2721 Cham

983 2760 1148 2828 1617
1243 2757 1424 2825 Cbus
1472 2760 1597 2825 aud
1648 2758 1851 2825 Cham

977 2861 1192 2930 1736¹³
1242 2886 1326 2928 on
1369 2862 1621 2931 Carran

979 2968 1146 3036 1963
1239 2970 1314 3031 of
1351 2968 1604 3034 Sennar

973 3072 1136 3138 2241
1241 3072 1356 3137 vib*
1396 3070 1637 3139 Sarran

769 3175 941 3241 2727
989 3186 1056 3238 et
1101 3174 1276 3243 2760
1323 3177 1391 3239 to
1438 3174 1679 3241 Sarran

573 3295 654 3360 ef.
701 3320 765 3381 p.
800 3297 884 3364 36
932 3307 997 3361 et
1039 3296 1173 3363 Jul.
1207 3299 1292 3365 25
1341 3296 1703 3362 Helisaeus.
1758 3298 1845 3367 28
1874 3297 2179 3364 Julianan

367 3397 601 3481 quibus
677 3399 882 3488 aliena
956 3401 1218 3467 nomina
1275 3401 1539 3486 propria
1601 3402 2083 3467 excusationem
2152 3399 2483 3487 praebent.

365 3500 601 3568 Alieno
659 3502 824 3567 enim
884 3502 1138 3569 nomine
1196 3506 1464 3591 proprio
1520 3506 1589 3569 in
1647 3526 1839 3598 versu
1894 3512 2247 3589 apparente
2304 3504 2483 3597 leges

367 3605 664 3669 metricas
711 3605 1059 3671 disturbari
1107 3616 1172 3672 et
1219 3608 1545 3693 rythmum
1578 3607 1761 3673 reddi
1799 3607 2254 3695 confragosum
2283 3608 2480 3673 etiam

365 3728 446 3771 ex
519 3728 597 3773 eo
675 3718 920 3794 patent,
995 3710 1167 3792 quod
1242 3710 1409 3776 infra
1483 3710 1563 3775 de
1639 3709 2067 3776 alliteratione
2131 3710 2479 3797 disputabo

537 3910 793 3994 Quibus
851 3916 1148 3981 omnibus
1207 3916 1521 3983 absolutis
1576 3920 1885 4004 perpauci
1946 3928 2191 3985 restant
2246 3938 2477 3985 versus

364 4016 624 4103 ternarii
669 4016 864 4101 iique,
907 4019 1020 4101 qui
1063 4019 1370 4087 facillime
1414 4020 1743 4087 emendari
1790 4022 2059 4109 possint.
