2787 4509
1399 225 1483 292 42

389 395 478 460 Et
529 397 594 462 in
641 395 924 464 Satanae
975 394 1234 480 quidem
1291 417 1505 476 versu,
1558 417 1749 480 quam
1808 395 1965 479 quis.
2011 395 2199 462 aliam
2259 393 2501 480 signifi·-

389 500 703 566 cationem
760 499 924 565 dem
941 522 1036 565 an
1095 499 1294 565 verbo
1350 499 1632 580 tribuat,
1694 521 1823 564 non
1877 499 2199 586 intellegO.
2302 496 2503 582 Quod

390 613 606 669 autem
639 602 944 670 Greinius
988 605 1296 690 proponit
1325 603 1437 672 Gl.
1470 603 1523 668 1.
1562 603 1689 671 188
1733 604 1919 688 plane
1963 626 2339 688 perversum
2382 610 2501 668 est.

565 705 732 774 Gen.
765 707 977 776 2613·
1010 710 1204 796 agen
1239 707 1509 788 bearn3
1546 705 1661 772 sed
1692 706 1769 772 hi
1792 730 1873 774 re
1904 707 2281 794 genitivum,
2309 729 2500 791 quem

389 810 692 879 Greinius
724 812 805 878 ad
841 810 1054 882 26121’
1087 812 1325 878 adiecit
1370 821 1522 877 ante
1566 815 1765 898 agen
1810 811 2051 877 bearn
2096 813 2161 876 iu
2196 835 2255 876 v.
2290 813 2501 881 2613·

391 915 752 1000 ponendum
798 937 939 981 esse
969 925 1218 981 eertum
1249 925 1369 998 est,
1416 939 1611 1000 quum
1660 914 1833 983 hire
1878 916 1980 980 vel
2024 915 2150 980 his
2195 925 2261 980 et
2304 918 2501 1002 agen

392 1018 660 1103 bearn,
707 1019 1070 1104 ubicunque
1114 1032 1488 1102 occurrunt,
1531 1020 1595 1085 in
1643 1041 1772 1084 uno
1818 1018 2173 1104 eodemque
2216 1017 2503 1085 hemisti-

389 1123 538 1191 ehio
583 1125 928 1190 coniuncta
971 1125 1120 1191 sint.
1214 1123 1553 1191 Greinium
1599 1133 1810 1189 autem
1857 1124 2125 1190 consilio
2172 1133 2239 1190 et
2282 1147 2363 1188 ex
2404 1123 2501 1188 in-

391 1227 639 1294 dustria
694 1228 868 1294 hire
924 1229 1280 1315 genitivum
1339 1228 1425 1295 ad
1482 1252 1540 1290 v.
1586 1229 1761 1296 2612
1831 1227 2146 1295 adiecisse
2212 1251 2315 1294 me
2372 1251 2499 1294 non

388 1333 575 1420 fugit.
666 1333 987 1398 Nimirum
1037 1333 1286 1398 censuit
1330 1336 1397 1399 in
1443 1354 1635 1398 versu
1681 1333 1853 1401 2612

711 1439 1137 1560 gedefinde
1184 1450 1327 1539 beo
1378 1476 1388 1558 Ι
1440 1448 1591 1558 pst
1635 1449 1767 1537 seb
1812 1449 2099 1560 g‘ingre

390 1572 833 1642 alliterationis
881 1577 1324 1643 condicionem
1357 1579 1589 1643 falsam
1622 1599 1760 1642 esse
1792 1577 1987 1662 (§.8).
2049 1575 2182 1644 Sed
2227 1577 2500 1664 gingre

389 1689 455 1742 et
498 1680 695 1744 ceteri
740 1680 1162 1767 comparativi
1207 1701 1332 1745 non
1381 1680 1593 1745 minus
1638 1690 1789 1745 sunt
1834 1689 2209 1746 contractae
2237 1681 2501 1765 formae,

389 1805 581 1867 quam
629 1782 864 1868 bean,
917 1786 1128 1850 flebn
1179 1793 1341 1867 αα,
1396 1807 1590 1869 quum
1636 1785 1702 1849 in
1745 1785 1828 1850 iis
1871 1793 2020 1850 ante
2062 1808 2099 1849 r
2140 1807 2499 1850 consonan-

389 1887 916 1974 tem‘antiquitus
960 1899 1074 1954 aut
1118 1890 1136 1954 i
1187 1898 1300 1953 aut
1343 1892 1382 1954 ὃ
1431 1889 1688 1955 vocales
1730 1889 1945 1955 locum
1980 1889 2280 1956 habuisse
2310 1912 2501 1955 nemo

389 1993 659 2078 ignoret.
749 1992 1096 2059 Contendo
1163 1994 1364 2082 igitur
1432 2004 1832 2059 contractam
1888 1995 2169 2082 gingre
2224 1995 2498 2060 formam

387 2153 506 2218 pro
579 2131 893 2200 dissoluta
952 2101 1461 2221 „geongssrfst
1533 2133 1794 2213 cedere3
1872 2135 1995 2218 (cf.
2049 2135 2110 2219 ἕ.
2151 2134 2233 2219 8)
2291 2157 2499 2221 neque

388 2237 598 2305 minus
645 2236 849 2307 Gfiffl.
898 2263 954 2305 v.
990 2241 1152 2308 ⁴720:
1290 2322 1298 2328 Ι

611 2362 942 2427 febndas
988 2360 1336 2450 afyrde.l
1391 2338 1668 2450 Hvssle
1725 2370 1855 2428 vas
1911 2327 2235 2451 figerre

609 2495 674 2551 et
731 2486 834 2550 El.
878 2488 1041 2554 242:
1103 2462 1376 2573 magen
1434 2454 1751 2573 fs'gerr}

387 2611 468 2653 ex
523 2611 634 2671 e0,
705 2590 876 2673 quod
938 2601 1276 2655 eontracta
1321 2590 1528 2679 forma
1571 2591 1894 2676 fagerra
1951 2588 2034 2655 ad
2082 2612 2333 2655 versum
2378 2593 2497 2658 fin·

385 2692 666 2778 gendum
713 2694 1018 2777 eandem,
1063 2717 1255 2779 quam
1303 2693 1651 2775 dissoluta,
1695 2694 1825 2759 vim
1873 2692 2092 2777 habet,
2132 2699 2497 2762 exeusatio-

387 2820 530 2862 nem
578 2807 796 2883 petere
839 2797 1158 2862 videntur.
1251 2795 1352 2863 Cf.
1400 2797 1525 2863 Hel
1578 2797 1709 2866 760
1754 2798 2216 2883 superlativum
2271 2800 2497 2887 faga-

387 2904 625 2966 resta.
722 2904 940 2985 Atque
981 2902 1047 2966 in
1097 2901 1238 2966 aliis
1285 2924 1541 2985 quoque
1586 2901 1852 2967 vocibus
1898 2902 2141 2967 vocalis
2183 2926 2303 2988 per
2344 2926 2496 2992 syn·

386 3027 589 3091 eopen
637 3026 984 3091 oppressae
1029 3005 1126 3071 vis
1171 3016 1477 3070 remanet.
1568 3001 1707 3071 Cf.=

561 3108 802 3177 Phoen.
838 3112 989 3193 500,
1033 3109 1169 3176 Jul.
1203 3110 1354 3191 688,
1400 3110 1500 3175 El.
1539 3110 1709 3178 1260
1756 3132 2010 3176 versum

1091 3214 1466 3302 applede-
1496 3214 1688 3301 gold

385 3338 451 3401 in
496 3359 626 3422 quo
683 3336 1030 3423 applede
1087 3359 1214 3402 vox
1273 3336 1451 3403 cedit
1505 3360 1623 3424 pro
1683 3304 2090 3424 i'ippelede.
2182 3337 2284 3404 Of.
2320 3336 2493 3405 Otfr.

386 3440 475 3523 ΙΙ,
527 3440 590 3521 6,
636 3441 722 3509 23

875 3586 952 3627 er
998 3540 1154 3630 was
1210 3564 1384 3629 thes
1440 3528 1771 3650 {phales
1826 3540 2003 3629 fro‘u

385 3678 450 3731 et
497 3666 702 3734 Gfiffl.
737 3666 855 3734 34:
905 3666 1150 3754 hyhta
1195 3668 1466 3755 hymn,
1523 3667 1633 3734 ubi
1679 3666 1921 3755 hyhst
1964 3666 2255 3752 eandem,
2300 3690 2493 3753 quam

386 3789 711 3879 hyhest,
759 3790 885 3854 vim
935 3788 1151 3856 habet.

561 3923 626 3977 et
672 3911 840 3982 Gen.
883 3915 1044 3982 1521
1095 3914 1304 3979 savl·
1319 3912 1600 3979 dredre
1625 3914 1719 3997 (et
1748 3914 1843 3983 sio
1872 3914 2183 4001 saeptus),
2211 3935 2489 3999 quocum

386 4037 620 4100 confer.
670 4036 870 4102 Βθὸν.
907 4038 1078 4105 2693
1129 4014 1675 4103 savuldredre.
