2787 4509
197 1729 204 1734 '
256 1669 358 1788 P
361 1697 625 1809 erquam
685 1745 893 1810 pauca
951 1733 1130 1805 sunt,
1186 1744 1350 1808 quae
1408 1723 1619 1790 adhuc
1668 1727 1976 1810 temporis
2024 1723 2144 1788 viri
2193 1721 2371 1790 docti

255 1839 728 1911 constituerunt
756 1842 837 1910 de
866 1852 1007 1910 arte
1034 1845 1304 1910 metrica
1333 1855 1399 1910 et
1424 1845 1957 1931 Anglosaxonum
1988 1856 2054 1909 et
2084 1853 2368 1910 veterum

257 1963 606 2031 Saxonum.
681 1963 843 2029 Post
886 1963 1054 2028 enim
1096 1960 1589 2046 Schmellerum,
1634 1963 1743 2047 qui
1775 1985 1811 2027 e
1840 1962 2135 2029 versibus
2164 1961 2370 2031 Saxo-

257 2084 441 2149 nicae
497 2083 977 2171 evangeliorum
1036 2082 1407 2148 harmoniae
1466 2103 1659 2148 unam
1704 2083 1911 2170 legem
1960 2081 2043 2148 ad
2090 2082 2371 2148 allitera-

256 2201 452 2268 tionis
505 2200 939 2270 conditionem
986 2202 1413 2288 pertinentem
1458 2200 1822 2267 enucleavit
1852 2201 2053 2285 (Abh.
2100 2200 2164 2268 d.
2214 2200 2367 2269 bair.

263 2322 468 2389 Acad.
501 2322 579 2387 Β.
612 2326 684 2401 4;
723 2322 918 2406 1847)
966 2343 1235 2406 eamque
1281 2308 1373 2387 ne*
1406 2322 1567 2388 satis
1613 2320 1872 2407 quidem
1919 2331 2223 2389 accurate
2252 2344 2372 2389 nec

259 2443 382 2521 ita,
439 2452 512 2507 ut
562 2463 700 2507 rem
745 2441 1137 2520 absolveret3
1207 2462 1395 2506 nemo
1441 2439 1592 2506 huic
1637 2440 1728 2505 rei
1776 2462 2042 2526 operam
2086 2444 2372 2524 navavit,

260 2558 379 2624 nisi
423 2558 520 2624 M.
567 2558 882 2641 Heinius,
950 2559 1060 2644 qui
1108 2580 1347 2643 paucas
1402 2558 1887 2625 observationes
1941 2559 2242 2625 metricas
2288 2558 2374 2625 ad

258 2678 524 2743 alteram
566 2699 749 2743 suam
780 2678 1072 2744 Beovulfi
1103 2676 1449 2743 editionem
1484 2675 1759 2761 addidit,
1802 2678 1893 2743 ita
1924 2685 2161 2761 tamen,
2190 2688 2265 2744 ut
2294 2701 2375 2745 ne

259 2805 598 2861 conaretur
643 2795 898 2880 quidem
947 2817 1056 2860 eas
1101 2795 1296 2862 certis
1341 2795 1745 2861 documentis
1790 2771 2065 2881 pffiobare
2110 2808 2177 2863 et
2222 2818 2373 2863 con-

257 2915 530 2981 firmare.
624 2914 854 2998 Itaque
899 2936 1134 2999 operae
1181 2902 1459 2999 pretinm
1506 2915 1659 2980 mihi
1709 2916 1913 2982 visum
1960 2924 2091 3000 est,
2142 2917 2375 3003 quibus

259 3034 511 3122 legibus
578 3034 864 3100 metricis
923 3036 1180 3119 utrique
1237 3032 1532 3102 Saxones
1592 3037 1655 3099 in
1716 3036 2181 3122 componendis
2236 3039 2373 3104 suis

259 3153 652 3220 carminibus
697 3154 791 3219 uti
835 3155 1151 3235 solerent,
1195 3155 1583 3232 accuratius,
1632 3178 1825 3240 quam
1871 3155 2085 3222 adhuc
2128 3158 2372 3222 factum

261 3282 380 3354 est,
408 3273 476 3338 in
507 3273 950 3359 quaestionem
983 3295 1219 3339 vocare
1250 3286 1336 3355 et,
1378 3285 1685 3358 quantum
1723 3296 1999 3358 possem,
2034 3274 2374 3362 diligenter

265 3388 641 3457 describere.

437 3506 588 3591 Qua
653 3510 720 3574 in
787 3511 1163 3593 quaestione
1231 3510 1400 3575 hanc
1457 3512 1627 3576 viam
1685 3511 2014 3598 ingressus
2068 3534 2247 3593 sum,
2304 3521 2376 3577 ut

259 3628 540 3712 primum
596 3650 632 3692 e
680 3625 995 3692 Beovulfo
1067 3637 1132 3692 et
1178 3624 1661 3693 Caedmoniana
1732 3630 1953 3716 genesi
2028 3638 2094 3694 et
2162 3626 2373 3715 Cyne-

257 3745 539 3813 vulfiana
585 3744 791 3812 Elena
834 3746 1052 3812 firmas
1097 3746 1409 3831 quasdam
1458 3746 1635 3834 leges
1682 3747 2079 3814 enuclearem
2130 3756 2196 3814 et
2236 3768 2373 3813 cer·

255 3864 340 3930 tis
383 3863 786 3933 documentis
833 3866 1196 3951 probarem,
1243 3865 1497 3948 deinde,
1551 3876 1859 3950 quantum
1905 3866 2027 3931 hae
2057 3866 2233 3954 leges
2266 3890 2373 3931 va·

253 3984 458 4049 lerent
525 3984 592 4050 in
651 3984 886 4050 ceteris
941 4005 1196 4068 quoque
1255 3984 1647 4051 carminibus
1703 3993 2159 4070 perscrutarer.
2259 3984 2373 4054 Sic

1943 4096 1962 4137 1
2352 4096 2371 4113 .
