2787 4509
1420 199 1461 262 4

563 370 845 437 Exstant
891 378 1104 436 autem
1153 381 1487 457 praeterea
1534 371 1857 457 permulti,
1888 372 1951 436 in
1982 372 2217 458 quibus
2248 371 2511 460 regulae

390 475 702 559 quaedam
772 497 810 539 a
875 474 1202 540 veteribus
1269 475 1483 559 poetis
1551 473 1907 542 theodiscis
1966 485 2033 542 et
2092 477 2366 542 maxime
2424 477 2509 542 ab

390 577 653 644 Otfrido
698 578 1082 644 observatae
1123 576 1484 645 laedantur.

1369 752 1521 838 §2-

572 891 672 953 Ac
722 886 994 971 primum
1042 883 1301 970 quidem
1360 884 1427 949 in
1474 884 1988 952 meridionalium
2034 884 2507 953 Germanorum

392 992 684 1058 versibus
743 989 1028 1076 syllaba,
1086 1011 1251 1074 quae
1311 989 1621 1055 minorem
1681 1001 2015 1056 accentum
2076 991 2271 1057 babet
2316 1002 2511 1076 atque

393 1099 458 1164 in
507 1098 762 1162 brevem
815 1093 1099 1159 vocalem
1160 1093 1419 1174 desinit,
1463 1096 1584 1161 nisi
1632 1095 1689 1160 ei
1722 1096 1925 1160 altera
1950 1097 2171 1183 gravis
2200 1096 2515 1178 succedit,

393 1212 530 1284 aut,
573 1201 742 1265 sicut
786 1199 853 1262 in
899 1196 1186 1262 clausula
1233 1218 1310 1262 ac
1358 1219 1627 1265 caesura
1671 1198 1768 1281 fit,
1810 1199 2219 1264 intervallum
2266 1222 2509 1266 moram

393 1305 614 1388 addit,
661 1303 819 1369 ictui
869 1325 996 1368 non
1043 1301 1301 1367 sufficit.
1393 1300 1597 1384 Quod
1642 1325 1769 1368 non
1816 1301 1902 1368 ad
1949 1303 2511 1391 Anglosaxonicos

392 1429 616 1475 versus
661 1405 981 1493 pertinere
1023 1404 1326 1471 facillime
1372 1404 1559 1470 nobis
1601 1404 2097 1490 persuademus,
2138 1428 2337 1492 quum
2366 1408 2509 1494 plu·

392 1514 570 1579 rimis
637 1511 798 1578 locis
865 1509 1036 1576 illius
1103 1508 1356 1598 generis
1412 1508 1701 1596 syllabae
1759 1510 2165 1596 reperiantur
2218 1511 2357 1578 ictu
2411 1512 2511 1577 in-

391 1626 695 1685 structae.

569 1719 754 1804 Quas
807 1727 1024 1783 tamen
1078 1714 1361 1803 syllabas
1418 1736 1543 1780 non
1598 1714 1942 1783 cuiuslibet
1998 1718 2255 1804 generis
2314 1740 2509 1785 voca-

392 1825 709 1904 bulorum,
753 1821 864 1889 sed
916 1820 1130 1907 potius
1175 1827 1497 1885 certorum
1540 1817 1733 1885 modo
1762 1841 1902 1886 esse
1930 1820 2100 1887 infra
2132 1820 2515 1888 videbimus.

391 1929 590 1995 Nunc
633 1937 852 1994 autem
898 1923 1236 1990 nonnullos
1282 1944 1532 2005 versus,
1575 1922 1640 1990 in
1687 1921 1922 2008 quibus
1962 1924 2073 1990 illa
2100 1925 2207 1990 lex
2235 1949 2367 1992 non
2396 1925 2515 1992 ob-

391 2043 648 2102 servata
693 2039 986 2117 apparet,
1029 2028 1125 2094 ita
1164 2026 1577 2110 enumerabo,
1620 2036 1694 2093 ut
1738 2028 1947 2113 primo
1990 2029 2137 2096 loco
2166 2031 2329 2096 tales
2357 2029 2513 2096 affe-

392 2163 552 2220 ram,
606 2135 827 2223 quales
870 2132 1087 2200 verbis
1133 2129 1678 2218 Anglosaxonicis
1722 2132 1790 2198 in
1835 2142 2115 2200 veterem
2164 2134 2509 2201 dialectum

393 2242 793 2311 theodiscam
852 2235 1237 2304 transversis
1294 2234 1378 2301 ad
1437 2233 1708 2301 eandem
1764 2237 2028 2325 regulae
2074 2239 2513 2320 severitatem,

393 2372 586 2435 quam
633 2342 988 2413 Otfridiani
1034 2363 1282 2423 versus,
1327 2340 1621 2426 adaptati
1667 2340 1967 2407 evadant.

697 2500 896 2565 Βεὸν.
965 2498 1053 2567 34
1141 2466 1349 2562 ιὲόεηὲ
1395 2467 1655 2579 pasegu

919 2634 1044 2704 184
1135 2605 1309 2719 pnirh
1355 2606 1559 2699 sllffne
1605 2606 1713 2699 sid*

695 2777 864 2845 Gen.
913 2774 1086 2843 213·
1133 2773 1271 2840 ofer
1313 2776 1541 2838 rumne
1584 2774 1797 2859 grund

697 2916 894 2979 Beov.
956 2914 1040 2982 35
1132 2910 1339 2999 beaga
1382 2910 1647 2997 bryttan

956 3052 1036 3119 41
1133 3053 1391 3117 maffma
1446 3050 1705 3137 menigo

923 3188 1042 3257 149
1133 3191 1306 3255 siffra
1350 3209 1547 3273 sorga

911 3330 1043 3397 474
1131 3349 1411 3416 gumena
1476 3350 1728 3413 aengum

696 3463 1092 3537 Gen.121b
1137 3465 1354 3585 metod
1402 3469 1593 3555 engla
1637 3466 1797 3531 heht

919 3587 1085 3659 ¹00b
1131 3593 1214 3655 on
1259 3594 1496 3657 vrao‘ra
1540 3562 1715 3677 gield

439 3740 505 3796 et
552 3731 634 3797 cf.
685 3730 887 3797 Beov.
913 3731 1044 3799 992
1133 3730 1258 3795 sela
1301 3740 1490 3815 paera
1535 3702 1649 3793 viis

679 3866 850 3936 Gen.
870 3870 1041 3941 1645
1129 3872 1300 3953 para
1343 3890 1427 3933 an
1476 3875 1589 3932 vas

707 4004 1074 4077 E1.285¹’
1121 4018 1306 4091 paera
1350 4004 1527 4071 boda
1570 4004 1692 4088 (cf.
1740 4006 1801 4089 ἓ.
1832 4008 1919 4083 4)
