2787 4509
1416 210 1496 276 14

871 416 984 483 cri
1061 385 1927 503 14¹1·magen-earfeffum

868 551 982 620 Cri
1057 557 1224 622 1453
1317 555 1447 641 yfel
1492 555 1751 621 earfefiu

573 692 768 760 Guffl.
804 692 934 760 448
979 703 1045 757 et
1093 693 1222 761 528
1312 671 1429 758 vio*
1466 694 1791 758 earfeffum

800 829 996 899 Guffl.
1049 827 1256 900 10381’
1308 810 1443 898 nis
1456 854 1557 896 me
1603 797 1854 898 earfeffe
1901 832 1998 914 (ξ.
2032 830 2113 907 8)

869 966 982 1033 Cri
1056 972 1224 1037 1172
1317 949 1461 1055 ῥέει·
1504 969 1585 1036 he
1632 936 1890 1036 earfefi‘ii
1962 983 1989 1018 ²

398 1099 462 1152 et
508 1098 871 1175 praeterea:

830 1226 1030 1292 Andr.
1099 1229 1228 1296 607
1315 1207 1445 1294 {md
1491 1193 1757 1293 ὴὸοὲιὲε

799 1374 866 1429 et
912 1360 1025 1429 cri
1085 1361 1256 1433 390¹·
1322 1343 1591 1432 habbaff
1627 1332 1887 1452 falgdffa
1931 1364 2014 1447 (ξ.
2048 1363 2117 1444 8)

724 1513 790 1567 et
835 1501 1036 1570 Gom.
1085 1503 1214 1572 387
1307 1483 1370 1569 in
1420 1482 1815 1590 mssrnsteru‘m

823 1638 992 1708 Gen.
1040 1645 1211 1711 2527
1303 1620 1461 1730 teng
1500 1606 1753 1708 recene-

399 1755 659 1840 Quibus
703 1760 1018 1846 exemplis
1062 1761 1268 1828 oculis
1310 1761 1543 1826 leviter
1586 1760 1991 1847 perlustratis
2035 1759 2180 1843 quis
2225 1766 2347 1837 est,
2398 1755 2511 1840 qui

399 1885 528 1928 non
573 1862 792 1929 videat
837 1865 1123 1932 earfoff
1159 1887 1382 1932 vocem
1429 1865 1767 1952 proprium
1798 1861 2066 1948 aliquid,
2110 1883 2238 1946 quo
2270 1859 2355 1925 ad
2384 1858 2509 1923 hoc

399 1967 909 2034 accentuationis
948 1991 1163 2054 genus
1219 1978 1376 2055 apta
1433 1967 1773 2050 reddatur,
1828 1968 1896 2031 iu
1955 1989 2030 2032 se
2069 1962 2347 2030 habere?
2419 1961 2511 2026 Et

399 2069 693 2154 profecto
736 2092 869 2135 non
913 2069 1165 2155 dubito,
1209 2071 1362 2157 quin
1404 2071 1847 2159 refugiendum
1878 2070 1967 2136 sit
1994 2069 2077 2134 ad
2108 2067 2507 2133 theodiscam

398 2173 671 2237 formam
731 2174 990 2240 arbeit
1047 2175 1230 2242 cuius
1285 2198 1510 2259 casus,
1581 2187 1653 2241 ut
1709 2176 1819 2260 qui
1879 2172 2337 2261 paenultimam
2396 2169 2511 2234 ha-

401 2277 595 2342 beant
637 2277 1050 2364 productam‚
1104 2288 1238 2345 tres
1284 2290 1591 2346 accentus
1633 2280 1800 2346 ferre
1843 2288 2135 2365 possunt.
2221 2276 2347 2342 Est
2389 2275 2511 2360 igi-

397 2388 508 2444 tur
551 2379 789 2444 detrita
832 2389 1122 2468 tempore
1166 2383 1372 2448 altera
1416 2404 1545 2447 ear
1557 2381 1691 2447 fod
1739 2382 1919 2447 vocis
1948 2379 2219 2468 syllaba,
2261 2400 2512 2444 reman-

399 2483 486 2549 sit
539 2492 754 2549 tamen
810 2485 1079 2570 antiqua
1135 2486 1545 2552 accentuatio
1604 2485 1721 2568 (οἱ
1766 2507 1832 2569 p.
1864 2483 2007 2568 62).
2100 2481 2299 2565 Quod
2338 2480 2509 2546 idem

325 2630 330 2635 ·
401 2587 724 2673 pertinere
792 2587 876 2653 ad
953 2589 1290 2655 boceras
1350 2589 1621 2653 formam
1684 2585 1873 2653 facile
1931 2586 2161 2652 credas
2217 2600 2513 2671 respecta

397 2691 738 2758 theodisca
789 2693 998 2757 forma
1051 2692 1468 2759 buochari.
1538 2690 1771 2777 Neque
1819 2691 2028 2757 minus
2071 2690 2193 2757 fuit
2235 2690 2513 2775 antiqui-

397 2804 506 2860 tus
573 2795 778 2860 altera
843 2795 1129 2883 folgoff
1178 2796 1358 2861 vocis
1424 2795 1672 2881 syllaba
1727 2794 1957 2881 longa,
2024 2795 2177 2879 quia
2235 2794 2519 2881 folgoff

400 2897 849 3083 &ducendum
921 2910 1021 2965 est
1087 2899 1168 2965 de
1237 2898 1509 2985 folgon
1582 2902 1754 2985 (age.
1813 2899 2092 2985 folgjan)
2152 2899 2233 2963 cf.
2282 2896 2507 2963 Gram.

469 3002 505 3067 Ι
573 3002 704 3068 525

581 3146 888 3231 Demptis
943 3146 1145 3235 igitur
1199 3147 1298 3212 bis
1353 3148 1663 3234 exemplis
1720 3138 1966 3213 restant
2026 3156 2507 3235 mynsterum

402 3295 468 3350 et
522 3306 842 3365 recene,
910 3306 1181 3369 quorum
1240 3284 1699 3352 vocabulorum
1746 3288 1956 3374 prius,
2024 3294 2097 3351 ut
2138 3284 2385 3349 illatum
2430 3304 2511 3348 ex
2588 3298 2617 3323 ⁶

401 3387 610 3452 aliena
654 3386 873 3475 lingua
917 3389 982 3452 in
1029 3386 1510 3472 Germanicam,
1556 3389 1727 3475 quod
1775 3412 1905 3454 non
1950 3388 2127 3455 cedit
2168 3387 2512 3453 Germani-

401 3490 496 3555 cis
549 3489 801 3578 legibus
859 3490 942 3554 ad
1000 3492 1557 3558 accentuationem
1598 3490 2117 3581 pertinentibus,
2187 3489 2344 3576 quid
2389 3500 2509 3571 est,

399 3651 518 3695 cur
553 3628 845 3703 mireris?
889 3630 1188 3697 Alterum
1234 3638 1450 3697 autem
1498 3602 1780 3696 recene
1824 3630 2013 3748 plane
2042 3629 2360 3697 incertum
2391 3636 2511 3709 est,

401 3754 482 3798 an
528 3729 988 3798 Germanicum
1037 3734 1144 3815 sit,
1201 3754 1424 3814 necne,
1470 3743 1535 3798 et
1578 3753 1743 3816 quae
1790 3733 1925 3798 eius
1969 3732 2056 3798 sit
2097 3732 2511 3819 etymologia.

401 3907 484 3918 —
531 3866 665 3951 Qui
708 3880 1046 3954 praeterea
1103 3893 1325 3937 versus
1380 3873 1449 3937 in
1496 3870 1817 3941 Beovulfo
1868 3874 2035 3941 1455
2082 3881 2322 3939 exstat.
2380 3878 2513 3936 ωδ-

401 4008 803 4093 genfultuma
847 4008 1163 4073 facillime
1191 4009 1517 4073 emendari
1550 4009 1819 4077 videtur
1866 4011 2075 4077 verbis
2119 4008 2512 4092 insequentis
