2787 4509
1151 1023 1535 1104 VITA.

288 1387 568 1523 Natus
625 1479 769 1523 sum
814 1455 1224 1523 Hermannns
1265 1453 1639 1525 Friderieus
1684 1455 1926 1524 Paulus
1973 1455 2299 1524 Sohubert
2342 1456 2406 1522 d.

287 1561 379 1626 X.
426 1560 561 1627 Jul.
609 1557 1212 1627 MDCCCXLVII
1257 1558 1591 1626 Meseritzi
1651 1569 1833 1646 patre
1884 1561 2184 1628 Jahanne
2240 1582 2409 1627 nuno

288 1665 597 1751 temporis
638 1663 704 1729 in
736 1664 1079 1729 seminario
1115 1660 1554 1730 Cussalinensi
1598 1664 2089 1731 exercitationes
2129 1665 2408 1732 musicas

287 1767 695 1852 moderante,
761 1776 965 1834 matre
1009 1769 1317 1855 Augusta
1372 1792 1409 1833 e
1474 1777 1667 1856 gente
1721 1767 2190 1837 Jockischiana
2245 1769 2412 1834 caris

285 1871 445 1939 mihi
491 1861 558 1938 et
604 1871 814 1938 adhuc
859 1871 1330 1959 superstitibus.
1428 1872 1826 1939 Litterarum
1873 1870 2251 1940 rudimentis
2292 1871 2411 1937 im-

289 1978 486 2044 butus
542 1999 685 2044 sum
745 1977 1023 2066 primum
1079 1977 1144 2042 in
1191 1975 1347 2044 ludo
1395 1975 1674 2062 quodam
1722 1977 2011 2064 privato,
2069 1976 2301 2044 deinde
2345 1977 2411 2042 in

287 2081 510 2149 schola
565 2081 826 2169 publica
870 2073 1237 2162 Meseritzi3
1295 2080 1466 2147 unde
1523 2104 1719 2167 quum
1766 2093 1953 2169 pater
1998 2079 2409 2150 Cussalinum

290 2187 802 2276 transmigraret,
846 2185 1034 2252 huius
1066 2185 1292 2275 oppidi
1322 2187 1728 2275 gymnasium
1765 2187 2173 2273 frequentare
2205 2186 2411 2275 coepi.

291 2292 732 2375 Maturitatis,
789 2290 961 2375 quod
1019 2289 1278 2373 dieunt,
1332 2292 1701 2358 testimonio
1756 2291 2110 2358 instructus
2164 2290 2315 2356 inde
2374 2316 2413 2356 a

291 2419 440 2462 vere
499 2394 650 2460 anni
695 2391 1267 2461 MDCCCLXVI
1319 2417 1438 2481 per
1491 2418 1687 2460 unum
1732 2406 2041 2461 semestre
2086 2394 2415 2482 Gryphis-

289 2498 570 2583 waldae,
614 2521 732 2585 per
788 2508 1036 2585 septem
1095 2496 1379 2564 Berolini
1435 2498 1831 2587 philologiae
1888 2498 2104 2566 studio
2151 2522 2413 2585 operam

290 2603 545 2693 navavi.
619 2601 876 2671 Scholis
912 2602 1169 2668 interfui
1204 2598 1748 2690 Gryphiswaldae
1784 2626 1898 2669 vv.
1925 2601 2044 2668 dd.
2068 2601 2413 2684 Bucheler,

291 2705 575 2794 Georgo,
617 2707 857 2791 Hofer3
905 2706 1188 2774 Berolini
1229 2731 1345 2775 vv.
1377 2707 1502 2773 dd.
1538 2707 1793 2791 Bonitz,
1826 2694 2072 2795 Haupt,
2120 2708 2413 2790 Hubner,

291 2809 656 2895 Kirehhoff,
701 2810 1109 2894 Mullenhoff,
1155 2809 1501 2895 Steinthal,
1546 2810 2097 2899 Trendelenburg,
2144 2810 2414 2895 Weber,

291 2915 526 3000 quibus
593 2914 750 2983 viris
821 2915 1064 3003 optime
1133 2914 1213 2980 de
1279 2938 1383 2981 me
1439 2915 1685 2981 meritis
1744 2915 1986 3004 gratias
2045 2938 2167 3004 ago
2222 2936 2413 3000 quam

289 3040 620 3085 maximas.
