2787 4509
1280 207 1362 276 43

442 593 594 660 Jam
651 594 1028 680 quaestione
1089 592 1168 658 de
1227 594 1523 659 ternariis
1584 595 2004 662 hemistichiis
2062 596 2142 662 ad
2188 598 2377 662 finem

263 699 586 786 perducta
633 699 739 764 vix
785 698 1016 785 opinor
1059 699 1204 780 erit,
1252 699 1358 783 qui
1408 698 1655 764 binaria
1704 701 2001 786 cupidius
2032 702 2379 789 amplecta-

261 811 388 870 tur.
483 802 672 886 Quae
731 811 940 869 autem
1001 803 1138 869 eius
1193 803 1447 890 generis
1503 805 1741 890 reperi,
1807 806 2175 892 singillatim
2236 827 2382 891 per·

263 909 601 996 stringam.

443 1014 547 1077 Ao
594 1012 867 1099 primum
915 1010 1174 1096 quidem
1225 1010 1289 1076 hi
1337 1033 1563 1077 versus
1609 1013 1845 1078 similes
1894 1024 2073 1079 sunt=

759 1115 959 1181 Beov.
993 1117 1078 1185 25
1169 1137 1318 1180 man
1363 1121 1621 1203 gepeon

686 1218 851 1285 Gen.
909 1219 1077 1288 1938
1167 1219 1344 1285 Loth
1391 1220 1587 1285 onfon

735 1321 849 1389 Cri
903 1325 1117 1392 1032⁸
1163 1324 1418 1390 leoffum
1466 1326 1658 1390 onfon

568 1441 632 1492 et
677 1425 842 1495 Gen.
903 1429 1059 1497 1581
1157 1431 1542 1516 gesceavjan

783 1531 886 1596 El.
937 1533 1066 1602 679
1155 1533 1541 1619 geelaensjan

733 1634 851 1702 Cri
949 1639 1113 1706 144·
1159 1647 1224 1700 et
1271 1637 1403 1706 320
1448 1637 1771 1724 gefaelsjan

617 1735 831 1805 Gaffl.
898 1739 1070 1809 1148
1159 1742 1423 1826 asanjan

895 1845 1062 1910 1150
1152 1841 1495 1930 asundrjan

259 1984 422 2048 quos
470 1962 552 2027 ad
597 1983 823 2027 versus
868 1960 1038 2026 idem
1085 1960 1443 2048 pertinere,
1500 1961 1674 2045 quod
1720 1962 1847 2026 iam
1893 1961 2241 2029 identidem
2291 1963 2371 2030 de

258 2065 610 2132 contractis
653 2065 876 2130 formis
922 2063 1250 2148 adnotavi,
1294 2064 1482 2130 facile
1526 2064 1925 2152 intelligitur.

439 2184 692 2252 Deinde
737 2187 935 2251 Beov.
971 2187 1182 2256 2488·
1245 2186 1409 2252 liber
1456 2209 1571 2254 ms.
1617 2187 1879 2252 exhibet
1924 2185 2147 2254 hreas
2194 2188 2371 2258 blac

258 2324 371 2393 ubi
429 2326 734 2392 Greinius
793 2336 860 2391 et
915 2324 1192 2391 Heinius
1251 2326 1549 2392 scribunt
1603 2305 1841 2393 hreas
1898 2304 2373 2411 heorubla‘Q

257 2454 391 2517 qua
433 2432 682 2497 medela
725 2452 948 2496 versus
994 2453 1390 2515 nequaquam
1439 2441 1723 2512 sanatur,
1766 2434 1917 2516 quia
1962 2434 2371 2519 Anglosaxo·

256 2558 372 2602 nes
416 2536 730 2601 ternarios
777 2556 1035 2618 versus,
1095 2537 1161 2599 in
1207 2534 1443 2623 quibus
1488 2546 1601 2599 aut
1644 2536 1997 2621 praefixum
2042 2539 2180 2603 sive
2221 2561 2371 2624 pro·

257 2640 542 2706 eliticum
589 2650 704 2705 aut
747 2648 1122 2705 contractae
1163 2641 1411 2705 formae
1455 2662 1581 2703 non
1630 2652 2037 2725 apparerent,
2082 2664 2209 2707 non
2252 2644 2371 2709 fin-

257 2748 430 2811 xisse
487 2742 820 2830 superiore
873 2742 1288 2830 paragrapho
1347 2743 1509 2809 satis
1554 2742 2027 2811 demonstrasse
2072 2744 2231 2812 mihi
2274 2747 2371 2813 vi-

258 2882 436 2947 deor.
529 2880 747 2965 Quum
809 2892 1024 2948 autem
1082 2882 1162 2947 Β.
1208 2882 1375 2951 2831
1444 2904 1665 2947 versus
1722 2894 2026 2949 occurrat
2084 2863 2369 2968 „hreas

257 3000 352 3085 on
430 2986 780 3087 hriffisan“
859 3020 1054 3086 etiam
1129 3029 1353 3086 nostro
1428 3023 1573 3087 loco
1642 3022 2049 3088 scribendum
2119 3022 2373 3089 videtur

255 3137 515 3225 iim-{as
575 3138 756 3227 blac
817 3183 910 3224 on
958 3131 1274 3225 hrfisan.
1369 3159 1427 3223 E
1474 3160 1681 3227 tribus
1728 3161 1893 3227 enim
1944 3162 2368 3229 annotatione

255 3265 752 3331 coniunctarum
796 3285 1030 3330 vocum
1077 3286 1269 3330 unam
1313 3286 1539 3331 rursus
1570 3288 1941 3351 oppressam
1974 3288 2115 3333 esse
2142 3276 2322 3353 puto.

365 3426 370 3431 .
435 3368 706 3435 Restant
749 3378 964 3435 tamen
1013 3390 1235 3434 versus
1282 3368 1549 3451 binarii,
1606 3392 1765 3455 quos
1819 3370 2143 3437 emendari
2188 3380 2369 3439 vetat

253 3472 514 3538 habitus
559 3496 780 3539 eorum
829 3472 1159 3558 propriusz

776 3612 853 3678 B.
903 3614 1027 3681 511
1123 3634 1204 3677 ne
1246 3588 1386 3676 leof
1422 3634 1501 3678 ne
1545 3591 1660 3679 1ἑό

755 3752 854 3817 ΕΙ.
903 3756 1031 3821 572
1123 3776 1203 3818 ne
1269 3729 1357 3817 aar
1415 3776 1495 3819 ne
1551 3732 1659 3821 siff

600 3890 809 3959 Gfiffl.
861 3892 1030 3960 1065
1123 3914 1201 3957 ne
1247 3870 1353 3957 sar
1398 3914 1477 3956 ne
1522 3867 1676 3981 sorg

601 4029 842 4096 Phoen.
949 4031 1032 4099 56
1124 4053 1204 4096 ne
1247 4009 1401 4120 sorg
1446 4056 1525 4099 ne
1574 4009 1729 4117 slabp
