2787 4509
1406 197 1492 262 26

565 366 762 431 Tales
809 389 1030 432 versus
1063 365 1300 434 Saxon.
1337 368 1627 456 evangel.
1662 368 2035 433 harmoniae
2082 379 2337 454 poetam
2388 392 2514 434 non

391 469 686 552 finxisse,
757 471 871 536 sed
935 473 1150 556 potius
1198 471 1469 555 consilio
1517 482 1581 535 et
1628 495 1705 534 ex
1752 471 2069 536 industria
2121 473 2357 538 vitasse
2404 473 2514 538 de-

388 575 760 640 monstrabo
811 574 976 662 Cap.
1012 576 1096 641 11.
1145 579 1203 660 ξ.
1240 577 1300 642 3.

564 677 761 760 Quod
821 690 1028 745 autem
1092 703 1172 746 ex
1218 703 1294 745 eo
1340 681 1507 766 ipso,
1568 679 1740 765 quod
1788 681 1947 746 haec
1994 683 2509 748 accentuationis
2564 714 2572 724 ¹

387 779 648 846 licentia
692 784 758 846 in
806 783 885 848 iis
929 784 1252 848 rarissime
1301 783 1627 869 procedit,
1674 785 1863 849 facile
1909 784 2323 870 intelligitur,
2373 808 2508 848 ver-

385 906 492 948 sus
540 884 680 949 illos
726 887 1042 952 ternarios
1087 887 1541 968 severioribus,
1598 909 1791 972 quam
1838 889 2304 972 quaternarios,
2350 888 2507 974 legi-

386 988 505 1054 bus
564 987 908 1056 adstrictos
964 1014 1135 1072 esse,
1203 989 1268 1055 id
1343 992 1703 1056 certissime
1769 1003 1953 1079 patet
2023 1015 2102 1056 ex
2160 992 2285 1058 alia
2348 1015 2504 1076 qua-

385 1092 530 1158 dam
579 1117 668 1158 re.
2267 1160 2279 1172 ,

556 1197 631 1261 In
678 1199 1104 1282 quaternariis
1152 1199 1319 1263 enim
1368 1197 1661 1264 versibus
1708 1223 1906 1284 quum
1941 1222 2065 1265 non
2102 1199 2295 1267 modo
2328 1199 2501 1286 apud

386 1301 914 1386 Anglosaxones,
987 1301 1098 1366 sed
1159 1302 1350 1366 etiam
1410 1303 1583 1388 apud
1643 1302 2093 1369 meridionales
2138 1301 2505 1368 Germanos

379 1403 630 1489 syllaba
677 1405 910 1488 brevis,
957 1406 1060 1472 cui
1107 1405 1311 1472 altera
1355 1408 1575 1494 gravis
1622 1408 1951 1490 succedat,
1996 1407 2295 1474 omnibus
2340 1407 2503 1474 locis

378 1509 536 1572 ictui
584 1511 886 1590 sufficiat,
932 1522 1150 1575 tamen
1194 1511 1259 1574 in
1306 1512 1607 1576 ternariis
1652 1511 1777 1577 illis
1822 1512 2116 1598 proxima
2164 1523 2313 1576 ante
2356 1511 2499 1578 the·

376 1614 498 1676 sim
563 1614 848 1697 praefixo
921 1614 1019 1678 vel
1088 1613 1431 1698 proclitico
1502 1616 1825 1700 expletam
1897 1616 2101 1682 arsis
2170 1626 2495 1701 oportet

375 1717 613 1803 longa
665 1719 770 1793 sit
833 1717 950 1782 vel
1007 1718 1086 1782 in
1146 1728 1723 1784 consonantem
1789 1717 2127 1784 desinat,
2222 1718 2351 1785 Cui
2395 1743 2495 1784 re-

373 1821 561 1908 gulae
633 1821 854 1886 subtili
924 1823 988 1886 in
1045 1844 1242 1888 carm.
1305 1823 1384 1886 dc
1442 1823 1645 1888 Elene
1704 1833 1768 1888 et
1826 1824 1905 1890 de
1966 1825 2165 1891 Beov.
2222 1845 2493 1911 prorsus

375 1924 584 1990 nullus
645 1948 868 1990 versus
930 1936 1266 2012 repugnat.
1361 1924 1550 2008 Quae
1610 1937 1824 1992 autem
1884 1929 1946 1992 in
2009 1925 2495 1992 Caedmoniana

373 2030 590 2114 genesi
657 2029 950 2116 exempla
1018 2031 1226 2116 primo
1286 2030 1517 2096 obtutu
1578 2031 1881 2096 videntur
1939 2033 2271 2112 resistere,
2336 2031 2495 2095 talia

373 2143 554 2216 sunt,
614 2149 686 2199 ut
741 2135 846 2200 lex
891 2157 1020 2199 non
1069 2135 1240 2200 laesa
1285 2135 1401 2200 sed
1450 2136 1667 2220 potius
1713 2137 2070 2202 certissime
2116 2136 2495 2201 confirmata

373 2239 624 2305 evadat.
724 2243 824 2305 Ac
897 2240 1174 2326 primum
1243 2239 1499 2324 quidem
1560 2238 1627 2304 hi
1685 2263 1912 2307 versus
1972 2241 2165 2307 simili
2222 2249 2489 2307 utuntur

371 2344 628 2409 habitu:

1017 2467 1144 2535 697
1237 2440 1424 2534 niede
1470 2441 1663 2533 onfon

979 2608 1142 2674 1759
1235 2579 1396 2671 ealle
1442 2581 1648 2675 onfoff·

969 2746 1145 2813 2040
1235 2718 1463 2829 va'epna
1508 2720 1705 2811 ousta

968 2884 1142 2952 2918
1233 2856 1395 2949 selfa
1438 2858 1631 2949 onfo'n

965 3023 1140 3093 2330
1229 2995 1335 3087 He
1381 2996 1573 3088 onfon
1622 2997 1791 3088 sceal

1005 3161 1132 3230 953
1226 3136 1382 3227 arna
1428 3135 1665 3228 onteon

287 3268 296 3279 ⁶
405 3292 470 3349 et
516 3284 715 3349 adde:
763 3283 972 3349 Andr.
1001 3276 1165 3353 783'
1220 3259 1407 3372 gaste
1453 3260 1649 3351 onfi‘in

357 3388 422 3453 in
479 3388 712 3472 quibus
770 3400 1142 3455 contractae
1187 3390 1434 3463 formae
1492 3390 1733 3456 onfon
1795 3397 1860 3453 et
1918 3389 2235 3465 onteon‚
2297 3388 2477 3472 quin,

356 3491 409 3555 si
459 3514 584 3557 non
631 3492 1146 3577 pronuntiandae
1191 3494 1351 3576 sint,
1418 3503 1489 3558 ut
1537 3493 1887 3559 dissolutae
1932 3490 2173 3555 onfab
2190 3512 2281 3555 an
2338 3514 2477 3557 on-

355 3596 532 3661 teob
552 3618 678 3677 an,
755 3606 972 3661 tamen
1028 3597 1095 3661 in
1160 3620 1345 3663 versu
1408 3622 1527 3683 pro
1589 3595 1919 3669 dissolutis
1978 3595 2211 3661 cedant
2268 3605 2332 3661 et
2390 3596 2470 3659 ad

356 3722 607 3765 versum
669 3701 1040 3787 fingendum
1095 3701 1392 3783 eandem,
1474 3724 1664 3786 quam
1719 3700 1901 3782 illae,
1986 3699 2110 3763 vim
2166 3699 2474 3781 habeant,

351 3828 478 3869 non
539 3805 869 3871 dubitabis
924 3806 1081 3871 satis
1129 3807 1453 3893 cogitato,
1524 3804 1699 3890 quod
1758 3828 1907 3870 mox
1964 3806 2134 3870 infra
2188 3804 2269 3870 de
2325 3805 2471 3869 tali-

351 3906 472 3973 bus
527 3909 748 3974 formis
807 3908 1172 3994 disputab0.
1265 3907 1487 3991 Quam
1554 3907 1639 3973 ob
1706 3930 1839 3973 rem
1910 3907 2001 3973 illi
2061 3928 2285 3973 versus
2341 3929 2471 3973 non

350 4010 434 4076 ad
479 4014 794 4078 ternarios
837 4011 1186 4097 pertinent,
1229 4013 1344 4078 sed
1393 4011 1475 4078 ad
1522 4013 1969 4097 quaternarios
2015 4024 2209 4097 atque
2238 4012 2469 4113 horum
