2787 4509
1372 189 1459 256 38

767 360 930 428 Gen.
1013 360 1180 430 868·
1233 361 1443 428 liffrea
1486 364 1617 426 min

974 463 1180 534 13871‘
1228 466 1350 531 bea
1398 466 1673 550 beorgas

975 570 1139 639 1493
1230 571 1411 636 frean
1466 567 1670 656 byn-de
1792 593 1797 601 ¹

633 674 796 740 2141
855 685 922 740 et
966 675 1141 743 2237
1233 672 1627 761 agendfrean

965 779 1130 846 2091
1231 778 1383 845 offle
1429 777 1572 842 nior

967 885 1141 949 2507
1231 879 1368 947 mid
1414 880 1833 964 cvealmprea

971 988 1144 1054 2545
1237 983 1427 1070 Grap
1477 982 1812 1068 heahprea

969 1092 1143 1159 2720
1233 1088 1358 1154 and
1411 1092 1771 1172 veorcpeos

970 1193 1144 1262 2783
1237 1199 1366 1258 min
1414 1215 1581 1258 svaes
1626 1191 1763 1256 frea

967 1297 1139 1366 2877
1233 1298 1356 1364 bea
1402 1297 1573 1364 dflne
1620 1297 1730 1380 (cf.
1778 1319 1839 1380 p.
1874 1296 1989 1377 34)

367 1403 602 1488 quibus
646 1402 711 1466 in
757 1403 1054 1467 omuibus
1097 1411 1446 1466 occurrunt
1490 1410 1864 1466 contractae
1908 1397 2175 1478 formae,
2218 1421 2380 1482 quas
2424 1400 2481 1464 si

365 1505 805 1587 dissolvimuS,
862 1505 1310 1590 quaternarios
1355 1527 1582 1570 versus
1638 1515 1815 1568 recte
1862 1502 2296 1568 conformatos
2340 1503 2481 1568 ubi-

365 1633 492 1694 que
547 1608 876 1674 efficimus,
970 1606 1160 1692 Quae
1231 1609 1399 1674 euim
1466 1631 1689 1675 earum
1760 1605 2108 1672 dissolutae
2160 1605 2481 1693 syllabam

365 1713 712 1780 radicalem
760 1713 1001 1779 habent
1043 1713 1468 1799 productam,
1526 1735 1641 1779 eae
1699 1721 1765 1778 et
1808 1709 2021 1776 medio
2067 1731 2256 1776 versu
2303 1723 2368 1776 et
2410 1714 2478 1776 in

365 1821 490 1883 fine
537 1830 820 1883 exstant:
879 1827 947 1883 at
993 1840 1156 1903 quae
1215 1817 1565 1884 dissolutae
1611 1815 1957 1882 radicalem
2004 1814 2318 1902 syllabam
2366 1815 2481 1882 ha-

365 1923 520 1988 bent
576 1923 875 2006 brevem,
951 1945 1064 1988 eae
1122 1923 1243 1988 nisi
1303 1922 1371 1986 in
1428 1921 1555 1987 fine
1629 1941 1851 1986 versus
1922 1941 2051 1984 non
2108 1929 2479 1988 occurrunt.

365 2027 696 2093 Nimirum
751 2026 899 2092 illae
955 2025 1092 2092 sive
1152 2025 1364 2092 medio
1424 2047 1612 2090 versu
1672 2023 1808 2091 sive
1852 2024 1917 2089 in
1962 2023 2089 2089 fine
2132 2022 2483 2090 dissolutae

365 2153 622 2198 versum
669 2129 960 2196 efficiunt
1002 2129 1507 2213 quaternarium,
1570 2138 1639 2194 at
1683 2129 1805 2193 hae
1851 2150 1979 2193 nou
2026 2126 2312 2193 efficiunt
2355 2127 2518 2194 uisi·

364 2237 428 2300 in
475 2235 602 2301 fine
647 2237 739 2321 (ξ.
774 2237 873 2319 4).

668 2358 750 2423 of.
800 2356 1000 2422 Βοόν.
1045 2358 1209 2426 ¹275
1257 2356 1527 2423 demvm
1574 2361 1727 2421 seen
1773 2361 1885 2439 (=
1932 2328 2157 2437 εὲὴὲη)

867 2478 980 2546 Cri
1037 2482 1200 2547 1417
1252 2479 1649 2545 mancvealm
1697 2484 1847 2545 seon
1896 2481 2009 2562 (Ξ
2054 2450 2278 2562 seban)

723 2586 808 2651 cf.
855 2580 971 2650 Cri
1029 2585 1215 2653 1581.

542 2692 762 2772 Atque
807 2696 1176 2753 contractas
1222 2686 1340 2751 has
1383 2687 1623 2752 formas
1668 2684 1753 2751 ad
1787 2706 2010 2751 versus
2043 2684 2379 2771 fingendos
2408 2709 2482 2752 re

365 2815 519 2859 vera
583 2790 884 2873 eandem,
960 2814 1150 2876 quam
1222 2790 1571 2857 dissolutas
1632 2793 1760 2857 vim
1828 2791 2065 2858 habere
2123 2791 2481 2859 certissime

362 2895 578 2964 evenit
633 2897 823 2961 etiam
885 2916 919 2960 e
979 2918 1036 2959 v.
1083 2894 1252 2961 Gen.
1298 2894 1534 2965 25071‘.
1596 2893 1891 2964 36291’.
1950 2894 2119 2963 Gen.
2163 2894 2369 2967 1813⁵
2413 2908 2480 2962 et

364 3000 509 3067 aliis
555 2999 689 3064 eius
735 3000 1012 3087 generis,
1057 2999 1122 3064 in
1168 3000 1423 3084 quibus,
1482 3000 1601 3065 nisi
1652 3010 2026 3066 contractae
2068 3002 2315 3067 formae
2360 3023 2481 3087 pro

362 3104 692 3171 dissolutis
769 3103 1103 3186 cederent,
1177 3104 1341 3169 falsa
1418 3104 1865 3171 alliterationis
1942 3104 2228 3172 conditio
2293 3104 2481 3173 fieret

365 3210 475 3293 (cf.
523 3211 586 3294 ἓ.
617 3210 707 3292 8).

539 3313 772 3398 Neque
817 3314 1048 3378 mirum
1081 3311 1357 3394 videtur,
1406 3312 1580 3395 quod
1614 3312 2110 3398 Auglosaxones
2141 3310 2222 3376 de
2253 3311 2480 3379 formis

363 3422 511 3504 gan
558 3429 623 3482 et
667 3424 841 3503 gaeff
863 3416 1058 3497 idem,
1106 3416 1278 3500 quod
1311 3414 1392 3481 de
1425 3416 1801 3498 contractis,
1834 3416 2221 3497 sentiebant,
2253 3437 2480 3500 quam-

362 3545 555 3606 quam
601 3542 670 3587 re
716 3545 870 3587 vera
913 3531 1290 3587 contractae
1336 3544 1463 3586 uon
1510 3534 1679 3588 suut.
1736 3524 2074 3608 Apparent
2118 3521 2285 3587 enim
2330 3520 2481 3589 hice

362 3648 615 3691 versus:

852 3712 924 3779 B.
995 3712 1123 3781 386
1215 3711 1330 3777 hat
1373 3715 1438 3777 in
1485 3716 1613 3799 gan

950 3818 1126 3886 2034
1173 3827 1237 3882 et
1285 3818 1462 3885 2054
1506 3838 1590 3881 on
1637 3814 1747 3879 flet
1794 3822 1945 3901 gaeff

738 3918 904 3985 Gen.
955 3922 1129 3992 2234
1176 3935 1184 3942 “
1221 3944 1302 3985 on
1350 3920 1481 3986 bed
1526 3923 1651 4007 gan

949 4027 1121 4095 2354
1213 4028 1336 4092 soff
1373 4025 1527 4091 foro*
1564 4028 1689 4111 gan
